1CClientBankExchange
ВерсияФормата=1.01
Кодировка=Windows
Получатель=
ДатаНачала=01.07.2021
ДатаКонца=01.07.2021
РасчСчет=40602810100040000015
СекцияРасчСчет
ДатаНачала=01.07.2021
ДатаКонца=01.07.2021
РасчСчет=40602810100040000015
НачальныйОстаток=9678099.64
ВсегоПоступило=25691.80
ВсегоСписано=24681.00
КонечныйОстаток=9679110.44
КонецРасчСчет
СекцияДокумент=Платежное поручение
Номер=1718
Дата=01.07.2021
Сумма=24681.00
ПлательщикСчет=40602810100040000015
ДатаСписано=01.07.2021
ПлательщикИНН=77030*****
ПлательщикКПП=71070****
Плательщик1=Тульское ОУИ
ПлательщикРасчСчет=40602810100040000015
ПлательщикБанк1= Ф-Л БАНКА ГПБ (АО) "СРЕДНЕРУССКИЙ"
ПлательщикБанк2=г Тула
ПлательщикБИК=04700****
ПлательщикКорсчет=30101810**0000000***
ПолучательСчет=40702810*****00000**
ПолучательИНН=71070*****
ПолучательКПП=7750*****
Получатель1=ООО "Газпром межрегионгаз Тула"
ПолучательРасчСчет=40702810*****00000**
ПолучательБанк1= ТУЛЬСКИЙ ФИЛИАЛ АБ "РОССИЯ"
ПолучательБанк2=г Тула
ПолучательБИК=04700****
ПолучательКорсчет=30101810**0000000***
ВидПлатежа=электронно
ВидОплаты=01
СтатусСоставителя=
ПоказательКБК=
ОКАТО=
ПоказательОснования=
ПоказательПериода=
ПоказательНомера=
ПоказательДаты=
ПоказательТипа=0
СрокПлатежа=
Очередность=5
НазначениеПлатежа=Оплата за газ по договору N 54-6-0460/18  от 26.09.2017 на сумму 24681,00. В т.ч. НДС  (20%) 4113-50
СрокАкцепта=
Код=
КонецДокумента
СекцияДокумент=Платежное поручение
Номер=554854
Дата=30.06.2021
Сумма=25691.80
ПлательщикСчет=30233810642000600001
ПлательщикИНН=7707083893
ПлательщикКПП=526002001
Плательщик1=ПАО СБЕРБАНК//ПИСАРЕВ ПАВЕЛ ЮРЬЕВИЧ//1202710638453//РОССИЯ 301761 ТУЛЬСКАЯ Г ДОНСКОЙ УЛ СТАДИОННАЯ Д 8 КВ
ПлательщикРасчСчет=30233810***0006000**
ПлательщикБанк1= ВОЛГО-ВЯТСКИЙ БАНК ПАО СБЕРБАНК
ПлательщикБанк2=г Нижний Новгород
ПлательщикБИК=04220****
ПлательщикКорсчет=30101810**0000000***
ПолучательСчет=40602810100040000015
ДатаПоступило=01.07.2021
ПолучательИНН=7703030***
ПолучательКПП=710702***
Получатель1=ТУЛЬСКОЙ ОУИ
ПолучательРасчСчет=40602810100040000015
ПолучательБанк1= Ф-Л БАНКА ГПБ (АО) "СРЕДНЕРУССКИЙ"
ПолучательБанк2=г Тула
ПолучательБИК=047003716
ПолучательКорсчет=30101810***00000***
ВидПлатежа=электронно
ВидОплаты=01
СтатусСоставителя=
ПоказательКБК=
ОКАТО=
ПоказательОснования=
ПоказательПериода=
ПоказательНомера=
ПоказательДаты=
ПоказательТипа=0
СрокПлатежа=
Очередность=5
НазначениеПлатежа=ЗА 30/06/2021;ПИСАРЕВ ПАВЕЛ ЮРЬЕВИЧ;АРЕНДА ЗА ИЮЛЬ ПЛ-К 1//
СрокАкцепта=
Код=
КонецДокумента
КонецФайла
