1CClientBankExchange
ВерсияФормата=1.03
Кодировка=Windows
Отправитель=Система интернет банк
Получатель=
ДатаСоздания=05.06.2020
ВремяСоздания=12:25:31
ДатаНачала=04.06.2020
ДатаКонца=04.06.2020
РасчСчет=40702810901500062714
СекцияРасчСчет
ДатаНачала=04.06.2020
ДатаКонца=04.06.2020
РасчСчет=40702810901500062714
НачальныйОстаток=0
ВсегоПоступило=10000.00
ВсегоСписано=0.00
КонечныйОстаток=10000.00
КонецРасчСчет
СекцияДокумент=Платежное поручение
Номер=371779
Дата=04.06.2020
Сумма=10000
ПлательщикСчет=40702810000000013423
ДатаСписано=
ПлательщикИНН=7704340310
Плательщик1=ООО Яндекс.Такси
ПлательщикРасчСчет=40702810000000013423
ПлательщикБанк1=АО "РАЙФФАЙЗЕНБАНК"
ПлательщикБанк2=Москва
ПлательщикБИК=044525700
ПлательщикКорсчет=30101810200000000700
ПолучательСчет=40702810901500062714
ДатаПоступило=04.06.2020
ПолучательИНН=7704340310
Получатель1=ООО "ЯНДЕКС.ТАКСИ"
ПолучательРасчСчет=40702810901500062714
ПолучательБанк1=ТОЧКА ПАО БАНКА «ФК ОТКРЫТИЕ»
ПолучательБанк2=МОСКВА
ПолучательБИК=044525999
ПолучательКорсчет=30101810845250000999
ВидПлатежа=Электронно
ВидОплаты=01
Код=0
ПлательщикКПП=770501001
ПолучательКПП=997750001
СрокПлатежа=04.06.2020
Очередность=5
НазначениеПлатежа=Перевод собственных средств. НДС не облагается
КонецДокумента
КонецФайла
