1CClientBankExchange
ВерсияФормата=1.02
Кодировка=windows-1251
Отправитель=
Получатель=
ДатаСоздания=19.07.2018
ВремяСоздания=19:24:03
ДатаНачала=19.07.2018
ДатаКонца=19.07.2018
РасчСчет=40702810000000013449
СекцияРасчСчет
ДатаНачала=19.07.2018
ДатаКонца=
РасчСчет=40702810000000013449
НачальныйОстаток=
ВсегоСписано=500
ВсегоПоступило=1000
КонечныйОстаток=10000000.33
КонецРасчСчет
СекцияДокумент=Платежное поручение
Номер=75736
Дата=19.07.2018
Сумма=500
ПлательщикСчет=40702810000000013449
ДатаСписано=19.07.2018
Плательщик=ООО Яндекс.Вертикали
ПлательщикИНН=7704340327
ПлательщикКПП=770501001
ПлательщикРасчСчет=40702810000000013449
ПлательщикБанк1=АО "Райффайзенбанк"
ПлательщикБИК=044525700
ПлательщикКорсчет=30101810200000000700
ПолучательСчет=40000000000000000000
Получатель=Иванов Иван Иванович
ПолучательИНН=7704340327
ПолучательКПП=
ПолучательРасчСчет=40000000000000000000
ПолучательБанк1=АО "РАЙФФАЙЗЕНБАНК", Г. МОСКВА
ПолучательБИК=044525700
ПолучательКорсчет=30101810200000000700
ВидПлатежа=
ВидОплаты=01
Код=
СтатусСоставителя=
ПоказательКБК=
ОКАТО=
ПоказательОснования=
ПоказательПериода=
ПоказательНомера=
ПоказательДаты=
ПоказательТипа=
Очередность=5
НазначениеПлатежа=Перечисление по авансовому отчету N 454 от 19-ИЮЛ-18 сотр. Иванов Иван Иванович. НДС не облагается.
КонецДокумента
СекцияДокумент=Платежное поручение
Номер=74891
Дата=19.07.2018
Сумма=1000
ПлательщикСчет=40702810600014307627
Плательщик=ООО "ЯНДЕКС"
ПлательщикИНН=7736207543
ПлательщикКПП=997750001
ПлательщикРасчСчет=40702810600014307627
ПлательщикБанк1=АО ЮНИКРЕДИТ БАНК, Г. МОСКВА
ПлательщикБИК=044525545
ПлательщикКорсчет=30101810300000000545
ПолучательСчет=40702810000000013449
ДатаПоступило=19.07.2018
Получатель=ООО Яндекс.Вертикали
ПолучательИНН=7704340327
ПолучательКПП=770501001
ПолучательРасчСчет=40702810000000013449
ПолучательБанк1=АО "РАЙФФАЙЗЕНБАНК", Г. МОСКВА
ПолучательБИК=044525700
ПолучательКорсчет=30101810200000000700
ВидПлатежа=
ВидОплаты=01
Код=
СтатусСоставителя=
ПоказательКБК=
ОКАТО=
ПоказательОснования=
ПоказательПериода=
ПоказательНомера=
ПоказательДаты=
ПоказательТипа=
Очередность=5
НазначениеПлатежа=Оплата по сч. NБ-847137770-1, по дог. N 88075/18 . В том числе НДС (18%): 500,00 руб.
КонецДокумента
КонецФайла