1CClientBankExchange
ВерсияФормата=1.02
Кодировка=windows-1251
Отправитель=
Получатель=
ДатаСоздания=15.08.2018
ВремяСоздания=10:05:13
ДатаНачала=14.08.2018
ДатаКонца=14.08.2018
РасчСчет=40702810900000042125
РасчСчет=40702810800000042128
СекцияРасчСчет
ДатаНачала=14.08.2018
ДатаКонца=14.08.2018
РасчСчет=40702810900000042125
НачальныйОстаток=10000000.35
ВсегоСписано=1200
ВсегоПоступило=0
КонечныйОстаток=9998800.35
КонецРасчСчет
СекцияРасчСчет
ДатаНачала=14.08.2018
ДатаКонца=14.08.2018
РасчСчет=40702810800000042128
НачальныйОстаток=8000000.24
ВсегоСписано=6832.98
ВсегоПоступило=824.28
КонечныйОстаток=7993991.54
КонецРасчСчет
СекцияДокумент=Платежное поручение
Номер=50000
Дата=14.08.2018
Сумма=100
ПлательщикСчет=40702810900000042125
ДатаСписано=14.08.2018
Плательщик=ООО Яндекс.Технологии
ПлательщикИНН=7704414297
ПлательщикКПП=770401001
ПлательщикРасчСчет=40702810900000042125
ПлательщикБанк1=АО "Райффайзенбанк"
ПлательщикБИК=044525700
ПлательщикКорсчет=30101810200000000700
ПолучательСчет=40000000000000000000
Получатель=УФК МФ РФ по г. Москве (для ИФНС России 4 по ЦАО г. Москвы)
ПолучательИНН=7704414297
ПолучательКПП=770401001
ПолучательРасчСчет=40101810045250010041
ПолучательБанк1=ГУ БАНКА РОССИИ ПО ЦФО, Г. МОСКВА 35
ПолучательБИК=044525000
ПолучательКорсчет=
ВидПлатежа=
ВидОплаты=01
Код=0
СтатусСоставителя=02
ПоказательКБК=18210102010011000110
ОКАТО=45383000
ПоказательОснования=ТП
ПоказательПериода=МС.08.2018
ПоказательНомера=0
ПоказательДаты=0
ПоказательТипа=0
Очередность=5
НазначениеПлатежа=Налог на доходы физических лиц,за август 2018 г.
КонецДокумента
СекцияДокумент=Платежное поручение
Номер=52876
Дата=14.08.2018
Сумма=1000
ПлательщикСчет=40702810900000042125
ДатаСписано=14.08.2018
Плательщик=ООО Яндекс.Технологии
ПлательщикИНН=7704414297
ПлательщикКПП=770401001
ПлательщикРасчСчет=40702810900000042125
ПлательщикБанк1=АО "Райффайзенбанк"
ПлательщикБИК=044525700
ПлательщикКорсчет=30101810200000000700
ПолучательСчет=40000000000000000000
Получатель=Иванов Иван Иванович
ПолучательИНН=7704414297
ПолучательКПП=
ПолучательРасчСчет=40000000000000000000
ПолучательБанк1=СЕВЕРО-ЗАПАДНЫЙ БАНК ПАО СБЕРБАНК, Г. САНКТ-ПЕТЕРБУРГ
ПолучательБИК=044030653
ПолучательКорсчет=30101810500000000653
ВидПлатежа=
ВидОплаты=01
Код=
СтатусСоставителя=
ПоказательКБК=
ОКАТО=
ПоказательОснования=
ПоказательПериода=
ПоказательНомера=
ПоказательДаты=
ПоказательТипа=
Очередность=5
НазначениеПлатежа=Возмещение по авансовому отчету N0001 от 13.08.18 сотр. Иванов Иван Иванович. НДС не облагается.
КонецДокумента
СекцияДокумент=Банковский ордер
Номер=600000
Дата=14.08.2018
Сумма=6832.98
ПлательщикСчет=40702810800000042128
ДатаСписано=14.08.2018
Плательщик=ООО Яндекс.Технологии
ПлательщикИНН=7704414297
ПлательщикКПП=770401001
ПлательщикРасчСчет=40702810800000042128
ПлательщикБанк1=АО "Райффайзенбанк"
ПлательщикБИК=044525700
ПлательщикКорсчет=30101810200000000700
ПолучательСчет=40000000000000000000
Получатель=АО "Райффайзенбанк" г. Москва
ПолучательИНН=7704414297
ПолучательКПП=770201001
ПолучательРасчСчет=40000000000000000000
ПолучательБанк1=АО "РАЙФФАЙЗЕНБАНК", Г. МОСКВА
ПолучательБИК=044525700
ПолучательКорсчет=30101810200000000700
ВидПлатежа=
ВидОплаты=17
Код=
СтатусСоставителя=
ПоказательКБК=
ОКАТО=
ПоказательОснования=
ПоказательПериода=
ПоказательНомера=
ПоказательДаты=
ПоказательТипа=
Очередность=6
НазначениеПлатежа=Оплата покупки по карте. CARD **2355 ROMAN CHERNIN 12AUG EUR 84 PIPEDRIVE OU TALLINN
КонецДокумента
СекцияДокумент=Банковский ордер
Номер=380724
Дата=14.08.2018
Сумма=724.28
ПлательщикСчет=40000000000000000000
Плательщик=АО "Райффайзенбанк" г. Москва
ПлательщикИНН=7704414297
ПлательщикКПП=770201001
ПлательщикРасчСчет=40000000000000000000
ПлательщикБанк1=АО "РАЙФФАЙЗЕНБАНК", Г. МОСКВА
ПлательщикБИК=044525700
ПлательщикКорсчет=30101810200000000700
ПолучательСчет=40702810800000042128
ДатаПоступило=14.08.2018
Получатель=ООО Яндекс.Технологии
ПолучательИНН=7704414297
ПолучательКПП=770401001
ПолучательРасчСчет=40702810800000042128
ПолучательБанк1=АО "РАЙФФАЙЗЕНБАНК", Г. МОСКВА
ПолучательБИК=044525700
ПолучательКорсчет=30101810200000000700
ВидПлатежа=
ВидОплаты=17
Код=
СтатусСоставителя=
ПоказательКБК=
ОКАТО=
ПоказательОснования=
ПоказательПериода=
ПоказательНомера=
ПоказательДаты=
ПоказательТипа=
Очередность=6
НазначениеПлатежа=Зачисление процентов, начисленных на остаток на счете. Interest
КонецДокумента
СекцияДокумент=Банковский ордер
Номер=380724
Дата=14.08.2018
Сумма=100.00
ПлательщикСчет=40702810900000042125
Плательщик=АО "Яндекс" г. Москва
ПлательщикИНН=7704414297
ПлательщикКПП=770201001
ПлательщикРасчСчет=40702810900000042125
ПлательщикБанк1=АО "РАЙФФАЙЗЕНБАНК", Г. МОСКВА
ПлательщикБИК=044525700
ПлательщикКорсчет=30101810200000000700
ПолучательСчет=40702810800000042128
ДатаСписано=14.08.2018
Получатель=ООО Яндекс.Технологии
ПолучательИНН=7704414297
ПолучательКПП=770401001
ПолучательРасчСчет=40702810800000042128
ПолучательБанк1=АО "РАЙФФАЙЗЕНБАНК", Г. МОСКВА
ПолучательБИК=044525700
ПолучательКорсчет=30101810200000000700
ВидПлатежа=
ВидОплаты=17
Код=
СтатусСоставителя=
ПоказательКБК=
ОКАТО=
ПоказательОснования=
ПоказательПериода=
ПоказательНомера=
ПоказательДаты=
ПоказательТипа=
Очередность=6
НазначениеПлатежа=Платеж со счета Яндекса на счет Яндекса
КонецДокумента
СекцияДокумент=Банковский ордер
Номер=380724
Дата=14.08.2018
Сумма=100.00
ПлательщикСчет=40702810900000042125
Плательщик=АО "Яндекс" г. Москва
ПлательщикИНН=7704414297
ПлательщикКПП=770201001
ПлательщикРасчСчет=40702810900000042125
ПлательщикБанк1=АО "РАЙФФАЙЗЕНБАНК", Г. МОСКВА
ПлательщикБИК=044525700
ПлательщикКорсчет=30101810200000000700
ПолучательСчет=40702810800000042128
ДатаПоступило=14.08.2018
Получатель=ООО Яндекс.Технологии
ПолучательИНН=7704414297
ПолучательКПП=770401001
ПолучательРасчСчет=40702810800000042128
ПолучательБанк1=АО "РАЙФФАЙЗЕНБАНК", Г. МОСКВА
ПолучательБИК=044525700
ПолучательКорсчет=30101810200000000700
ВидПлатежа=
ВидОплаты=17
Код=
СтатусСоставителя=
ПоказательКБК=
ОКАТО=
ПоказательОснования=
ПоказательПериода=
ПоказательНомера=
ПоказательДаты=
ПоказательТипа=
Очередность=6
НазначениеПлатежа=Платеж со счета Яндекса на счет Яндекса
КонецДокумента
КонецФайла