1CClientBankExchange
ВерсияФормата=1.02
Кодировка=windows-1251
Отправитель=
Получатель=
ДатаСоздания=15.08.2018
ВремяСоздания=10:17:53
ДатаНачала=14.08.2018
ДатаКонца=14.08.2018
РасчСчет=40702810000000013449
РасчСчет=40702810500000048105
РасчСчет=40702810300001423589
СекцияРасчСчет
ДатаНачала=14.08.2018
ДатаКонца=14.08.2018
РасчСчет=40702810500000048105
НачальныйОстаток=8019970.8
ВсегоСписано=0
ВсегоПоступило=950029.2
КонечныйОстаток=8970000
КонецРасчСчет
СекцияРасчСчет
ДатаНачала=14.08.2018
ДатаКонца=14.08.2018
РасчСчет=40702810000000013449
НачальныйОстаток=57247629.86
ВсегоСписано=600029.2
ВсегоПоступило=0.00
КонечныйОстаток=56647600.66
КонецРасчСчет
СекцияРасчСчет
ДатаНачала=14.08.2018
ДатаКонца=14.08.2018
РасчСчет=40702810300001423589
НачальныйОстаток=27937577.03
ВсегоСписано=242
ВсегоПоступило=3456.05
КонечныйОстаток=27940791.08
КонецРасчСчет
СекцияДокумент=Платежное поручение
Номер=4918
Дата=14.08.2018
Сумма=120029.2
ПлательщикСчет=40702810000000013449
Плательщик=Общество с ограниченной ответственностью Яндекс.Вертикали
ПлательщикИНН=7704340327
ПлательщикКПП=770501001
ПлательщикРасчСчет=40702810000000013449
ПлательщикБанк1=АО "РАЙФФАЙЗЕНБАНК", Г. МОСКВА
ПлательщикБИК=044525700
ПлательщикКорсчет=30101810200000000700
ПолучательСчет=40702810500000048105
ДатаПоступило=14.08.2018
Получатель=ООО Яндекс.Вертикали
ПолучательИНН=7704340327
ПолучательКПП=770501001
ПолучательРасчСчет=40702810500000048105
ПолучательБанк1=АО "РАЙФФАЙЗЕНБАНК", Г. МОСКВА
ПолучательБИК=044525700
ПолучательКорсчет=30101810200000000700
ВидПлатежа=
ВидОплаты=01
Код=
СтатусСоставителя=
ПоказательКБК=
ОКАТО=
ПоказательОснования=
ПоказательПериода=
ПоказательНомера=
ПоказательДаты=
ПоказательТипа=
Очередность=5
НазначениеПлатежа=Пополнение счета корпоративных карт 48105, 24/7. НДС не облагается
КонецДокумента
СекцияДокумент=Банковский ордер
Номер=608819
Дата=14.08.2018
Сумма=350000
ПлательщикСчет=30233810001000015035
Плательщик=АО "Райффайзенбанк" г. Москва
ПлательщикИНН=7744000302
ПлательщикКПП=770201001
ПлательщикРасчСчет=30233810001000015035
ПлательщикБанк1=АО "РАЙФФАЙЗЕНБАНК", Г. МОСКВА
ПлательщикБИК=044525700
ПлательщикКорсчет=30101810200000000700
ПолучательСчет=40702810500000048105
ДатаПоступило=14.08.2018
Получатель=ООО Яндекс.Вертикали
ПолучательИНН=7704340327
ПолучательКПП=770501001
ПолучательРасчСчет=40702810500000048105
ПолучательБанк1=АО "РАЙФФАЙЗЕНБАНК", Г. МОСКВА
ПолучательБИК=044525700
ПолучательКорсчет=30101810200000000700
ВидПлатежа=
ВидОплаты=17
Код=
СтатусСоставителя=
ПоказательКБК=
ОКАТО=
ПоказательОснования=
ПоказательПериода=
ПоказательНомера=
ПоказательДаты=
ПоказательТипа=
Очередность=6
НазначениеПлатежа=Внесение наличных средств на карту через банкомат. CARD **8038 ANNA MATYASHINA 14AUG RUR 350000 RBA ADM 46431 ODINCOVSKII R
КонецДокумента
СекцияДокумент=Платежное поручение
Номер=5687
Дата=14.08.2018
Сумма=480000
ПлательщикСчет=40702810000000013449
Плательщик=Общество с ограниченной ответственностью Яндекс.Вертикали
ПлательщикИНН=7704340327
ПлательщикКПП=770501001
ПлательщикРасчСчет=40702810000000013449
ПлательщикБанк1=АО "РАЙФФАЙЗЕНБАНК", Г. МОСКВА
ПлательщикБИК=044525700
ПлательщикКорсчет=30101810200000000700
ПолучательСчет=40702810500000048105
ДатаПоступило=14.08.2018
Получатель=ООО Яндекс.Вертикали
ПолучательИНН=7704340327
ПолучательКПП=770501001
ПолучательРасчСчет=40702810500000048105
ПолучательБанк1=АО "РАЙФФАЙЗЕНБАНК", Г. МОСКВА
ПолучательБИК=044525700
ПолучательКорсчет=30101810200000000700
ВидПлатежа=
ВидОплаты=01
Код=
СтатусСоставителя=
ПоказательКБК=
ОКАТО=
ПоказательОснования=
ПоказательПериода=
ПоказательНомера=
ПоказательДаты=
ПоказательТипа=
Очередность=5
НазначениеПлатежа=Пополнение счета корпоративных карт 48105, 24/7. НДС не облагается
КонецДокумента
СекцияДокумент=Платежное поручение
Номер=4918
Дата=14.08.2018
Сумма=120029.2
ПлательщикСчет=40702810000000013449
ДатаСписано=14.08.2018
Плательщик=ООО Яндекс.Вертикали 
ПлательщикИНН=7704340327
ПлательщикКПП=770501001
ПлательщикРасчСчет=40702810000000013449
ПлательщикБанк1=АО "Райффайзенбанк"
ПлательщикБИК=044525700
ПлательщикКорсчет=30101810200000000700
ПолучательСчет=40702810500000048105
Получатель=Общество с ограниченной ответственностью Яндекс.Вертикали
ПолучательИНН=
ПолучательКПП=770501001
ПолучательРасчСчет=40702810500000048105
ПолучательБанк1=АО "РАЙФФАЙЗЕНБАНК", Г. МОСКВА
ПолучательБИК=044525700
ПолучательКорсчет=30101810200000000700
ВидПлатежа=
ВидОплаты=01
Код=
СтатусСоставителя=
ПоказательКБК=
ОКАТО=
ПоказательОснования=
ПоказательПериода=
ПоказательНомера=
ПоказательДаты=
ПоказательТипа=
Очередность=5
НазначениеПлатежа=Пополнение счета корпоративных карт 48105, 24/7. НДС не облагается
КонецДокумента
СекцияДокумент=Платежное поручение
Номер=5687
Дата=14.08.2018
Сумма=480000
ПлательщикСчет=40702810000000013449
ДатаСписано=14.08.2018
Плательщик=ООО Яндекс.Вертикали 
ПлательщикИНН=7704340327
ПлательщикКПП=770501001
ПлательщикРасчСчет=40702810000000013449
ПлательщикБанк1=АО "Райффайзенбанк"
ПлательщикБИК=044525700
ПлательщикКорсчет=30101810200000000700
ПолучательСчет=40702810500000048105
Получатель=Общество с ограниченной ответственностью Яндекс.Вертикали
ПолучательИНН=
ПолучательКПП=770501001
ПолучательРасчСчет=40702810500000048105
ПолучательБанк1=АО "РАЙФФАЙЗЕНБАНК", Г. МОСКВА
ПолучательБИК=044525700
ПолучательКорсчет=30101810200000000700
ВидПлатежа=
ВидОплаты=01
Код=
СтатусСоставителя=
ПоказательКБК=
ОКАТО=
ПоказательОснования=
ПоказательПериода=
ПоказательНомера=
ПоказательДаты=
ПоказательТипа=
Очередность=5
НазначениеПлатежа=Пополнение счета корпоративных карт 48105, 24/7. НДС не облагается
КонецДокумента
СекцияДокумент=Платежное поручение
Номер=52438
Дата=14.08.2018
Сумма=242
ПлательщикСчет=40702810300001423589
ДатаСписано=14.08.2018
Плательщик=ООО Яндекс.Пробки 
ПлательщикИНН=7707666550
ПлательщикКПП=770401001
ПлательщикРасчСчет=40702810300001423589
ПлательщикБанк1=АО "Райффайзенбанк"
ПлательщикБИК=044525700
ПлательщикКорсчет=30101810200000000700
ПолучательСчет=40101810045250010041
Получатель=УФК МФ РФ по г. Москве (для ИФНС России 4 по ЦАО г. Москвы)
ПолучательИНН=7704058987
ПолучательКПП=770401001
ПолучательРасчСчет=40101810045250010041
ПолучательБанк1=ГУ БАНКА РОССИИ ПО ЦФО, Г. МОСКВА 35
ПолучательБИК=044525000
ПолучательКорсчет=
ВидПлатежа=
ВидОплаты=01
Код=0
СтатусСоставителя=02
ПоказательКБК=18210102010011000110
ОКАТО=45383000
ПоказательОснования=ТП
ПоказательПериода=МС.08.2018
ПоказательНомера=0
ПоказательДаты=0
ПоказательТипа=0
Очередность=5
НазначениеПлатежа=Налог на доходы физических лиц,за август 2018 г.
КонецДокумента
СекцияДокумент=Банковский ордер
Номер=322187
Дата=14.08.2018
Сумма=3456.05
ПлательщикСчет=70606810800983120819
Плательщик=АО "Райффайзенбанк" г. Москва
ПлательщикИНН=7744000302
ПлательщикКПП=770201001
ПлательщикРасчСчет=70606810800983120819
ПлательщикБанк1=АО "РАЙФФАЙЗЕНБАНК", Г. МОСКВА
ПлательщикБИК=044525700
ПлательщикКорсчет=30101810200000000700
ПолучательСчет=40702810300001423589
ДатаПоступило=14.08.2018
Получатель=ООО Яндекс.Пробки
ПолучательИНН=7707666550
ПолучательКПП=770401001
ПолучательРасчСчет=40702810300001423589
ПолучательБанк1=АО "РАЙФФАЙЗЕНБАНК", Г. МОСКВА
ПолучательБИК=044525700
ПолучательКорсчет=30101810200000000700
ВидПлатежа=
ВидОплаты=17
Код=
СтатусСоставителя=
ПоказательКБК=
ОКАТО=
ПоказательОснования=
ПоказательПериода=
ПоказательНомера=
ПоказательДаты=
ПоказательТипа=
Очередность=6
НазначениеПлатежа=Выплата процентов на основании Договора о порядке начисления процентов по счетам участников пула №  7757-00-02603 от 10.07.2017 г.
КонецДокумента
КонецФайла
