1CClientBankExchange
ВерсияФормата=1.03
Кодировка=Windows
Отправитель=Яндекс
ДатаНачала=17.07.2019
ДатаКонца=17.07.2019
ДатаСоздания=17.07.2019
РасчСчет=40702810800000007671
СекцияДокумент=Платежное поручение
Дата=17.07.2019
Номер=1
Сумма=152.00
ПлательщикСчет=40702810800000007671
Плательщик1=OOO Яндекс
ПлательщикИНН=7705713772
ПлательщикБИК=044525700
ПлательщикБанк1=АО БАНК1
ПлательщикКорсчет=30101810200000000700
ПолучательСчет=40702810301400002360
Получатель1=ООО "Кинопортал"
ПолучательИНН=7725713770
ПолучательБИК=044525593
ПолучательБанк1=АО БАНК2
ПолучательКорсчет=30101810200000000593
НазначениеПлатежа=Назначение
ПлательщикКПП=123456789
ПолучательКПП=987654321
ВидПлатежа=Электронно
КодНазПлатежа=
ВидОплаты=01
Очередность=5
СтатусСоставителя=
ПоказательКБК=
ОКАТО=7766
ПоказательОснования=
ПоказательПериода=5
ПоказательНомера=
Код=
ПоказательДаты=12-11-2017
ПоказательТипа=
КонецДокумента
КонецФайла