1CClientBankExchange
ВерсияФормата=1.03
Кодировка=Windows
Отправитель=Яндекс
ДатаНачала=17.07.2019
ДатаКонца=17.07.2019
ДатаСоздания=17.07.2019
РасчСчет=40702810800000007671
СекцияДокумент=Платежное поручение
Дата=17.07.2019
Номер=2
ПолучательСчет=40702810301400002360
Получатель1=ООО "Кинопортал"
ПолучательИНН=7725713770
НазначениеПлатежа=Назначение
Сумма=152.00
КонецДокумента
КонецФайла