1CClientBankExchange
ВерсияФормата=1.03
Кодировка=Windows
Получатель=Бухгалтерский учет, редакция 4.2
Отправитель=ИНИСТ Банк-Клиент ЗАО ИНИСТ
ДатаСоздания=16.05.2022
ВремяСоздания=14:58:10
ДатаНачала=12.05.2022
ДатаКонца=12.05.2022
РасчСчет=40702810500000061294
СекцияРасчСчет
ДатаНачала=12.05.2022
ДатаКонца=12.05.2022
РасчСчет=40702810500000061294
НачальныйОстаток=1271554.23
ВсегоПоступило=80000000.00
ВсегоСписано=1100.00
КонечныйОстаток=81270454.23
КонецРасчСчет

СекцияДокумент=Платежное поручение
Дата=12.05.2022
Номер=1578
Сумма=1100.00
ДатаСписано=12.05.2022
ПлательщикСчет=40702810500000061294
ПлательщикРасчСчет=40702810500000061294
ПлательщикБИК=044525256
ПолучательСчет=40702810101850000497
ПолучательРасчСчет=40702810101850000497
ПолучательБИК=044525593
НазначениеПлатежа=Оплата по счету №2РЕ/612642/5629 от 14.03.2022г. за канцелярские товары по договору №612642 от 29.01.2021г. в том числе НДС 183.33
ПлательщикИНН=5036050808
ПлательщикКПП=775101001
Плательщик=ИНН 5036050808 ООО "СЕРВЬЕ РУС"
Плательщик1=ООО "СЕРВЬЕ РУС"
ПлательщикКорсчет=30101810000000000256
ПлательщикБанк1=ПАО РОСБАНК
ПолучательИНН=7721793895
ПолучательКПП=997350001
Получатель=ИНН 7721793895 ООО "Комус"
Получатель1=ООО "Комус"
ПолучательКорсчет=30101810200000000593
ПолучательБанк1=АО "АЛЬФА-БАНК"
ВидПлатежа=
ВидОплаты=01
СтатусСоставителя=
ПоказательКБК=
ОКАТО=
ПоказательОснования=
ПоказательПериода=
ПоказательНомера=
ПоказательДаты=
ПоказательТипа=
Очередность=5
Код=0
КодНазПлатежа=
КонецДокумента

СекцияДокумент=Платежное поручение
Дата=12.05.2022
Номер=106521
Сумма=80000000.00
ДатаПоступило=12.05.2022
ПлательщикСчет=30302810897970000000
ПлательщикРасчСчет=30302810897970000000
ПлательщикБИК=044525256
ПолучательСчет=40702810500000061294
ПолучательРасчСчет=40702810500000061294
ПолучательБИК=044525256
НазначениеПлатежа=Возврат основного долга по сделке 000CCDL221100061 от 20.04.2022 с ООО "СЕРВЬЕ РУС"
ПлательщикИНН=7730060164
ПлательщикКПП=
Плательщик=ИНН 7730060164 МОСКОВСКИЙ ФИЛИАЛ ПАО РОСБАНК
Плательщик1=МОСКОВСКИЙ ФИЛИАЛ ПАО РОСБАНК
ПлательщикКорсчет=30101810000000000256
ПлательщикБанк1=МОСКОВСКИЙ ФИЛИАЛ ПАО РОСБАНК
ПолучательИНН=5036050808
ПолучательКПП=775101001
Получатель=ИНН 5036050808 ООО "СЕРВЬЕ РУС"
Получатель1=ООО "СЕРВЬЕ РУС"
ПолучательКорсчет=30101810000000000256
ПолучательБанк1=ПАО РОСБАНК
ВидПлатежа=
ВидОплаты=09
СтатусСоставителя=
ПоказательКБК=
ОКАТО=
ПоказательОснования=
ПоказательПериода=
ПоказательНомера=
ПоказательДаты=
ПоказательТипа=
Очередность=
Код=
КодНазПлатежа=
КонецДокумента

КонецФайла