<?xml version="1.0" encoding="utf-8"?>
<Document xmlns:xsi="http://www.w3.org/2001/XMLSchema-instance" xmlns:xsd="http://www.w3.org/2001/XMLSchema" xmlns="urn:iso:std:iso:20022:tech:xsd:camt.053.001.02">
<BkToCstmrStmt>
<GrpHdr>
<MsgId>201902058260626_20190206022138590</MsgId>
<CreDtTm>2019-02-06T02:21:38.590+01:00</CreDtTm>
<MsgRcpt>
<Nm>Yandex N.V.</Nm>
<Id>
<OrgId>
<Othr>
<Id>37127486</Id>
</Othr>
</OrgId>
</Id>
</MsgRcpt>
</GrpHdr>
<Stmt>
<Id>201902055785801</Id>
<ElctrncSeqNb>22</ElctrncSeqNb>
<CreDtTm>2019-02-06T02:21:38.590+01:00</CreDtTm>
<FrToDt>
<FrDtTm>2019-02-05T00:00:00</FrDtTm>
<ToDtTm>2019-02-05T23:59:59</ToDtTm>
</FrToDt>
<Acct>
<Id>
<IBAN>NL35INGB0650977351</IBAN>
</Id>
<Tp>
<Cd>CACC</Cd>
</Tp>
<Ccy>EUR</Ccy>
<Ownr>
<Nm>Yandex Europe AG</Nm>
</Ownr>
<Svcr>
<FinInstnId>
<BIC>INGBNL2A</BIC>
</FinInstnId>
</Svcr>
</Acct>
<Bal>
<Tp>
<CdOrPrtry>
<Cd>PRCD</Cd>
</CdOrPrtry>
</Tp>
<Amt Ccy="EUR">722981.94</Amt>
<CdtDbtInd>CRDT</CdtDbtInd>
<Dt>
<Dt>2019-02-04</Dt>
</Dt>
</Bal>
<Bal>
<Tp>
<CdOrPrtry>
<Cd>OPBD</Cd>
</CdOrPrtry>
</Tp>
<Amt Ccy="EUR">722981.94</Amt>
<CdtDbtInd>CRDT</CdtDbtInd>
<Dt>
<Dt>2019-02-05</Dt>
</Dt>
</Bal>
<Bal>
<Tp>
<CdOrPrtry>
<Cd>CLBD</Cd>
</CdOrPrtry>
</Tp>
<Amt Ccy="EUR">616180.44</Amt>
<CdtDbtInd>CRDT</CdtDbtInd>
<Dt>
<Dt>2019-02-05</Dt>
</Dt>
</Bal>
<Bal>
<Tp>
<CdOrPrtry>
<Cd>CLAV</Cd>
</CdOrPrtry>
</Tp>
<Amt Ccy="EUR">616180.44</Amt>
<CdtDbtInd>CRDT</CdtDbtInd>
<Dt>
<Dt>2019-02-05</Dt>
</Dt>
</Bal>
<TxsSummry>
<TtlNtries>
<NbOfNtries>25</NbOfNtries>
<Sum>163761.50</Sum>
</TtlNtries>
<TtlCdtNtries>
<NbOfNtries>7</NbOfNtries>
<Sum>28480.00</Sum>
</TtlCdtNtries>
<TtlDbtNtries>
<NbOfNtries>18</NbOfNtries>
<Sum>135281.50</Sum>
</TtlDbtNtries>
</TxsSummry>
<Ntry>
<NtryRef>021619036161407860000000002</NtryRef>
<Amt Ccy="EUR">1000.00</Amt>
<CdtDbtInd>CRDT</CdtDbtInd>
<Sts>BOOK</Sts>
<BookgDt>
<Dt>2019-02-05</Dt>
</BookgDt>
<ValDt>
<Dt>2019-02-05</Dt>
</ValDt>
<AcctSvcrRef>021619036161407860000000002</AcctSvcrRef>
<BkTxCd>
<Domn>
<Cd>PMNT</Cd>
<Fmly>
<Cd>RCDT</Cd>
<SubFmlyCd>ESCT</SubFmlyCd>
</Fmly>
</Domn>
<Prtry>
<Cd>00100</Cd>
<Issr>ING Group</Issr>
</Prtry>
</BkTxCd>
<NtryDtls><TxDtls><AmtDtls><TxAmt>
<Amt Ccy="EUR">1000.00</Amt>
</TxAmt>
</AmtDtls>
<RltdPties>
<Dbtr>
<Nm>AFORTIS GROUP LTD</Nm>
</Dbtr>
<DbtrAcct>
<Id>
<IBAN>LV02HABA0551043868619</IBAN>
</Id>
<Tp>
<Prtry>General</Prtry>
</Tp>
</DbtrAcct>
</RltdPties>
<RltdAgts>
<DbtrAgt>
<FinInstnId>
<BIC>HABALV22</BIC>
</FinInstnId>
</DbtrAgt>
</RltdAgts>
<RmtInf>
<Ustrd>INVOICE NO.: EU-1524670787-1</Ustrd>
</RmtInf>
<RltdDts>
<TxDtTm>2019-02-05T08:42:05</TxDtTm>
</RltdDts>
</TxDtls>
</NtryDtls>
</Ntry>
<Ntry>
<NtryRef>021619036161409047000000002</NtryRef>
<Amt Ccy="EUR">1000.00</Amt>
<CdtDbtInd>CRDT</CdtDbtInd>
<Sts>BOOK</Sts>
<BookgDt>
<Dt>2019-02-05</Dt>
</BookgDt>
<ValDt>
<Dt>2019-02-05</Dt>
</ValDt>
<AcctSvcrRef>021619036161409047000000002</AcctSvcrRef>
<BkTxCd>
<Domn>
<Cd>PMNT</Cd>
<Fmly>
<Cd>RCDT</Cd>
<SubFmlyCd>ESCT</SubFmlyCd>
</Fmly>
</Domn>
<Prtry>
<Cd>00100</Cd>
<Issr>ING Group</Issr>
</Prtry>
</BkTxCd>
<NtryDtls><TxDtls><AmtDtls><TxAmt>
<Amt Ccy="EUR">1000.00</Amt>
</TxAmt>
</AmtDtls>
<RltdPties>
<Dbtr>
<Nm>Plasmolifting World</Nm>
</Dbtr>
<DbtrAcct>
<Id>
<IBAN>DE68503201910027239650</IBAN>
</Id>
<Tp>
<Prtry>General</Prtry>
</Tp>
</DbtrAcct>
</RltdPties>
<RltdAgts>
<DbtrAgt>
<FinInstnId>
<BIC>HYVEDEMM430</BIC>
</FinInstnId>
</DbtrAgt>
</RltdAgts>
<RmtInf>
<Ustrd>Plasmolifting World GmbH, Yandex Direkt Service, Invoice: EU-1519518885-1/01.02.2019</Ustrd>
</RmtInf>
<RltdDts>
<TxDtTm>2019-02-05T08:42:06</TxDtTm>
</RltdDts>
</TxDtls>
</NtryDtls>
<AddtlNtryInf>some/more info from the bank</AddtlNtryInf>
</Ntry>
<Ntry>
<NtryRef>021319036161378994000000002</NtryRef>
<Amt Ccy="EUR">300.00</Amt>
<CdtDbtInd>CRDT</CdtDbtInd>
<Sts>BOOK</Sts>
<BookgDt>
<Dt>2019-02-05</Dt>
</BookgDt>
<ValDt>
<Dt>2019-02-05</Dt>
</ValDt>
<AcctSvcrRef>021319036161378994000000002</AcctSvcrRef>
<BkTxCd>
<Domn>
<Cd>PMNT</Cd>
<Fmly>
<Cd>RCDT</Cd>
<SubFmlyCd>ESCT</SubFmlyCd>
</Fmly>
</Domn>
<Prtry>
<Cd>00100</Cd>
<Issr>ING Group</Issr>
</Prtry>
</BkTxCd>
<NtryDtls><TxDtls><AmtDtls><TxAmt>
<Amt Ccy="EUR">300.00</Amt>
</TxAmt>
</AmtDtls>
<RltdPties>
<Dbtr>
<Nm>D. Baumann Immobilien GmbH</Nm>
</Dbtr>
<DbtrAcct>
<Id>
<IBAN>DE74700700240732658000</IBAN>
</Id>
<Tp>
<Prtry>General</Prtry>
</Tp>
</DbtrAcct>
</RltdPties>
<RltdAgts>
<DbtrAgt>
<FinInstnId>
<BIC>DEUTDEDBMUC</BIC>
</FinInstnId>
</DbtrAgt>
</RltdAgts>
<RmtInf>
<Ustrd>Invoice No.: EU-11521453429-1 v. 02.02.2019, D. Baumann Immobilien GmbH</Ustrd>
</RmtInf>
<RltdDts>
<TxDtTm>2019-02-05T08:30:06</TxDtTm>
</RltdDts>
</TxDtls>
</NtryDtls>
</Ntry>
<Ntry>
<NtryRef>032019036043153050000000001</NtryRef>
<Amt Ccy="EUR">8.00</Amt>
<CdtDbtInd>DBIT</CdtDbtInd>
<Sts>BOOK</Sts>
<BookgDt>
<Dt>2019-02-05</Dt>
</BookgDt>
<ValDt>
<Dt>2019-02-05</Dt>
</ValDt>
<AcctSvcrRef>032019036043153050000000001</AcctSvcrRef>
<BkTxCd>
<Domn>
<Cd>PMNT</Cd>
<Fmly>
<Cd>ICDT</Cd>
<SubFmlyCd>CHRG</SubFmlyCd>
</Fmly>
</Domn>
<Prtry>
<Cd>09003</Cd>
<Issr>ING Group</Issr>
</Prtry>
</BkTxCd>
<NtryDtls><TxDtls><AmtDtls><TxAmt>
<Amt Ccy="EUR">8.00</Amt>
</TxAmt>
</AmtDtls>
<RmtInf>
<Strd>
<CdtrRefInf>
<Tp>
<CdOrPrtry>
<Cd>SCOR</Cd>
</CdOrPrtry>
<Issr>CUR</Issr>
</Tp>
<Ref>1666478036FS</Ref>
</CdtrRefInf>
</Strd>
</RmtInf>
<RltdDts>
<TxDtTm>2019-02-05T00:00:00</TxDtTm>
</RltdDts>
<AddtlTxInf>Trans.Reference:1666478036FS ING-id: GE2019020515240 USD 720.000,00 Account: NL51INGB0020015925 Transfer provisie: EUR 8,00</AddtlTxInf>
</TxDtls>
</NtryDtls>
</Ntry>
<Ntry>
<NtryRef>032019036083423230000000001</NtryRef>
<Amt Ccy="EUR">8.00</Amt>
<CdtDbtInd>DBIT</CdtDbtInd>
<Sts>BOOK</Sts>
<BookgDt>
<Dt>2019-02-05</Dt>
</BookgDt>
<ValDt>
<Dt>2019-02-05</Dt>
</ValDt>
<AcctSvcrRef>032019036083423230000000001</AcctSvcrRef>
<BkTxCd>
<Domn>
<Cd>PMNT</Cd>
<Fmly>
<Cd>ICDT</Cd>
<SubFmlyCd>CHRG</SubFmlyCd>
</Fmly>
</Domn>
<Prtry>
<Cd>09003</Cd>
<Issr>ING Group</Issr>
</Prtry>
</BkTxCd>
<NtryDtls><TxDtls><AmtDtls><TxAmt>
<Amt Ccy="EUR">8.00</Amt>
</TxAmt>
</AmtDtls>
<RmtInf>
<Strd>
<CdtrRefInf>
<Tp>
<CdOrPrtry>
<Cd>SCOR</Cd>
</CdOrPrtry>
<Issr>CUR</Issr>
</Tp>
<Ref>1679918036FS</Ref>
</CdtrRefInf>
</Strd>
</RmtInf>
<RltdDts>
<TxDtTm>2019-02-05T00:00:00</TxDtTm>
</RltdDts>
<AddtlTxInf>Trans.Reference:1679918036FS ING-id: GE2019020517549 USD 10.000,00 Account: NL51INGB0020015925 Transfer provisie: EUR 8,00</AddtlTxInf>
</TxDtls>
</NtryDtls>
</Ntry>
<Ntry>
<NtryRef>032019036213698470000000001</NtryRef>
<Amt Ccy="EUR">12188.49</Amt>
<CdtDbtInd>DBIT</CdtDbtInd>
<Sts>BOOK</Sts>
<BookgDt>
<Dt>2019-02-05</Dt>
</BookgDt>
<ValDt>
<Dt>2019-02-05</Dt>
</ValDt>
<AcctSvcrRef>032019036213698470000000001</AcctSvcrRef>
<BkTxCd>
<Domn>
<Cd>PMNT</Cd>
<Fmly>
<Cd>ICDT</Cd>
<SubFmlyCd>XBCT</SubFmlyCd>
</Fmly>
</Domn>
<Prtry>
<Cd>00500</Cd>
<Issr>ING Group</Issr>
</Prtry>
</BkTxCd>
<NtryDtls><TxDtls><AmtDtls><TxAmt>
<Amt Ccy="EUR">12188.49</Amt>
</TxAmt>
</AmtDtls>
<RltdPties><Cdtr>
<Nm>YANDEX LLC //16 LVA TOLSTOGO STR.</Nm>
</Cdtr>
<CdtrAcct>
<Id>
<Othr>
<Id>40702978200001003838</Id>
</Othr>
</Id>
<Tp>
<Prtry>General</Prtry>
</Tp>
</CdtrAcct>
</RltdPties>
<RltdAgts><CdtrAgt>
<FinInstnId>
<BIC>INGBRUMMXXX</BIC>
</FinInstnId>
</CdtrAgt>
</RltdAgts>
<RmtInf>
<Strd>
<CdtrRefInf>
<Tp>
<CdOrPrtry>
<Cd>SCOR</Cd>
</CdOrPrtry>
<Issr>CUR</Issr>
</Tp>
<Ref>REF3299522</Ref>
</CdtrRefInf>
</Strd>
</RmtInf>
<RltdDts>
<TxDtTm>2019-02-05T00:00:00</TxDtTm>
</RltdDts>
<AddtlTxInf>Trans.Reference:REF3299522 ING-id: GMB7SGIGN7VTG2B EUR 12.188,49 40702978200001003838 YANDEX LLC //16 LVA TOLSTOGO STRPAY(5336149)PAYMENT OF INVOICE N-1521017097-1 DD 31.01.2019</AddtlTxInf>
</TxDtls>
</NtryDtls>
</Ntry>
<Ntry>
<NtryRef>032019036313698854000000001</NtryRef>
<Amt Ccy="EUR">23512.81</Amt>
<CdtDbtInd>DBIT</CdtDbtInd>
<Sts>BOOK</Sts>
<BookgDt>
<Dt>2019-02-05</Dt>
</BookgDt>
<ValDt>
<Dt>2019-02-05</Dt>
</ValDt>
<AcctSvcrRef>032019036313698854000000001</AcctSvcrRef>
<BkTxCd>
<Domn>
<Cd>PMNT</Cd>
<Fmly>
<Cd>ICDT</Cd>
<SubFmlyCd>XBCT</SubFmlyCd>
</Fmly>
</Domn>
<Prtry>
<Cd>00500</Cd>
<Issr>ING Group</Issr>
</Prtry>
</BkTxCd>
<NtryDtls><TxDtls><AmtDtls><TxAmt>
<Amt Ccy="EUR">23512.81</Amt>
</TxAmt>
</AmtDtls>
<RltdPties><Cdtr>
<Nm>YANDEX LLC //16 LVA TOLSTOGO STR.</Nm>
</Cdtr>
<CdtrAcct>
<Id>
<Othr>
<Id>40702978200001003838</Id>
</Othr>
</Id>
<Tp>
<Prtry>General</Prtry>
</Tp>
</CdtrAcct>
</RltdPties>
<RltdAgts><CdtrAgt>
<FinInstnId>
<BIC>INGBRUMMXXX</BIC>
</FinInstnId>
</CdtrAgt>
</RltdAgts>
<RmtInf>
<Strd>
<CdtrRefInf>
<Tp>
<CdOrPrtry>
<Cd>SCOR</Cd>
</CdOrPrtry>
<Issr>CUR</Issr>
</Tp>
<Ref>REF3299557</Ref>
</CdtrRefInf>
</Strd>
</RmtInf>
<RltdDts>
<TxDtTm>2019-02-05T00:00:00</TxDtTm>
</RltdDts>
<AddtlTxInf>Trans.Reference:REF3299557 ING-id: GMW96VCTBPKDMTX EUR 23.512,81 40702978200001003838 YANDEX LLC //16 LVA TOLSTOGO STRPAY(5336146)PAYMENT OF INVOICE N-1521017087-1 DD 31.01.2019</AddtlTxInf>
</TxDtls>
</NtryDtls>
</Ntry>
<Ntry>
<NtryRef>032019036043698735000000001</NtryRef>
<Amt Ccy="EUR">81332.53</Amt>
<CdtDbtInd>DBIT</CdtDbtInd>
<Sts>BOOK</Sts>
<BookgDt>
<Dt>2019-02-05</Dt>
</BookgDt>
<ValDt>
<Dt>2019-02-05</Dt>
</ValDt>
<AcctSvcrRef>032019036043698735000000001</AcctSvcrRef>
<BkTxCd>
<Domn>
<Cd>PMNT</Cd>
<Fmly>
<Cd>ICDT</Cd>
<SubFmlyCd>XBCT</SubFmlyCd>
</Fmly>
</Domn>
<Prtry>
<Cd>00500</Cd>
<Issr>ING Group</Issr>
</Prtry>
</BkTxCd>
<NtryDtls><TxDtls><AmtDtls><TxAmt>
<Amt Ccy="EUR">81332.53</Amt>
</TxAmt>
</AmtDtls>
<RltdPties><Cdtr>
<Nm>YANDEX LLC //16 LVA TOLSTOGO STR.</Nm>
</Cdtr>
<CdtrAcct>
<Id>
<Othr>
<Id>40702978200001003838</Id>
</Othr>
</Id>
<Tp>
<Prtry>General</Prtry>
</Tp>
</CdtrAcct>
</RltdPties>
<RltdAgts><CdtrAgt>
<FinInstnId>
<BIC>INGBRUMMXXX</BIC>
</FinInstnId>
</CdtrAgt>
</RltdAgts>
<RmtInf>
<Strd>
<CdtrRefInf>
<Tp>
<CdOrPrtry>
<Cd>SCOR</Cd>
</CdOrPrtry>
<Issr>CUR</Issr>
</Tp>
<Ref>REF3299556</Ref>
</CdtrRefInf>
</Strd>
</RmtInf>
<RltdDts>
<TxDtTm>2019-02-05T00:00:00</TxDtTm>
</RltdDts>
<AddtlTxInf>Trans.Reference:REF3299556 ING-id: GMVPX4TGWRRTEEW EUR 81.332,53 40702978200001003838 YANDEX LLC //16 LVA TOLSTOGO STRPAY(5336145)PAYMENT OF INVOICE N-1521017084-1 DD 31.01.2019</AddtlTxInf>
</TxDtls>
</NtryDtls>
</Ntry>
<Ntry>
<NtryRef>032019036313698757000000001</NtryRef>
<Amt Ccy="EUR">31.00</Amt>
<CdtDbtInd>DBIT</CdtDbtInd>
<Sts>BOOK</Sts>
<BookgDt>
<Dt>2019-02-05</Dt>
</BookgDt>
<ValDt>
<Dt>2019-02-05</Dt>
</ValDt>
<AcctSvcrRef>032019036313698757000000001</AcctSvcrRef>
<BkTxCd>
<Domn>
<Cd>PMNT</Cd>
<Fmly>
<Cd>ICDT</Cd>
<SubFmlyCd>CHRG</SubFmlyCd>
</Fmly>
</Domn>
<Prtry>
<Cd>09003</Cd>
<Issr>ING Group</Issr>
</Prtry>
</BkTxCd>
<NtryDtls><TxDtls><AmtDtls><TxAmt>
<Amt Ccy="EUR">31.00</Amt>
</TxAmt>
</AmtDtls>
<RmtInf>
<Strd>
<CdtrRefInf>
<Tp>
<CdOrPrtry>
<Cd>SCOR</Cd>
</CdOrPrtry>
<Issr>CUR</Issr>
</Tp>
<Ref>REF3299556</Ref>
</CdtrRefInf>
</Strd>
</RmtInf>
<RltdDts>
<TxDtTm>2019-02-05T00:00:00</TxDtTm>
</RltdDts>
<AddtlTxInf>Trans.Reference:REF3299556 ING-id: GMVPX4TGWRRTEEW Transfer provisie: EUR 8,00 Toeslag voor spoed: EUR 8,00 Corresp.Kosten: EUR 15,00</AddtlTxInf>
</TxDtls>
</NtryDtls>
</Ntry>
<Ntry>
<NtryRef>032019036163698784000000001</NtryRef>
<Amt Ccy="EUR">31.00</Amt>
<CdtDbtInd>DBIT</CdtDbtInd>
<Sts>BOOK</Sts>
<BookgDt>
<Dt>2019-02-05</Dt>
</BookgDt>
<ValDt>
<Dt>2019-02-05</Dt>
</ValDt>
<AcctSvcrRef>032019036163698784000000001</AcctSvcrRef>
<BkTxCd>
<Domn>
<Cd>PMNT</Cd>
<Fmly>
<Cd>ICDT</Cd>
<SubFmlyCd>CHRG</SubFmlyCd>
</Fmly>
</Domn>
<Prtry>
<Cd>09003</Cd>
<Issr>ING Group</Issr>
</Prtry>
</BkTxCd>
<NtryDtls><TxDtls><AmtDtls><TxAmt>
<Amt Ccy="EUR">31.00</Amt>
</TxAmt>
</AmtDtls>
<RmtInf>
<Strd>
<CdtrRefInf>
<Tp>
<CdOrPrtry>
<Cd>SCOR</Cd>
</CdOrPrtry>
<Issr>CUR</Issr>
</Tp>
<Ref>REF3299521</Ref>
</CdtrRefInf>
</Strd>
</RmtInf>
<RltdDts>
<TxDtTm>2019-02-05T00:00:00</TxDtTm>
</RltdDts>
<AddtlTxInf>Trans.Reference:REF3299521 ING-id: GMOPMCFI2THIZUI Transfer provisie: EUR 8,00 Toeslag voor spoed: EUR 8,00 Corresp.Kosten: EUR 15,00</AddtlTxInf>
</TxDtls>
</NtryDtls>
</Ntry>
<Ntry>
<NtryRef>032019036143698635000000001</NtryRef>
<Amt Ccy="EUR">8541.03</Amt>
<CdtDbtInd>DBIT</CdtDbtInd>
<Sts>BOOK</Sts>
<BookgDt>
<Dt>2019-02-05</Dt>
</BookgDt>
<ValDt>
<Dt>2019-02-05</Dt>
</ValDt>
<AcctSvcrRef>032019036143698635000000001</AcctSvcrRef>
<BkTxCd>
<Domn>
<Cd>PMNT</Cd>
<Fmly>
<Cd>ICDT</Cd>
<SubFmlyCd>XBCT</SubFmlyCd>
</Fmly>
</Domn>
<Prtry>
<Cd>00500</Cd>
<Issr>ING Group</Issr>
</Prtry>
</BkTxCd>
<NtryDtls><TxDtls><AmtDtls><TxAmt>
<Amt Ccy="EUR">8541.03</Amt>
</TxAmt>
</AmtDtls>
<RltdPties><Cdtr>
<Nm>YANDEX LLC //16 LVA TOLSTOGO STR.</Nm>
</Cdtr>
<CdtrAcct>
<Id>
<Othr>
<Id>40702978200001003838</Id>
</Othr>
</Id>
<Tp>
<Prtry>General</Prtry>
</Tp>
</CdtrAcct>
</RltdPties>
<RltdAgts><CdtrAgt>
<FinInstnId>
<BIC>INGBRUMMXXX</BIC>
</FinInstnId>
</CdtrAgt>
</RltdAgts>
<RmtInf>
<Strd>
<CdtrRefInf>
<Tp>
<CdOrPrtry>
<Cd>SCOR</Cd>
</CdOrPrtry>
<Issr>CUR</Issr>
</Tp>
<Ref>REF3299521</Ref>
</CdtrRefInf>
</Strd>
</RmtInf>
<RltdDts>
<TxDtTm>2019-02-05T00:00:00</TxDtTm>
</RltdDts>
<AddtlTxInf>Trans.Reference:REF3299521 ING-id: GMOPMCFI2THIZUI EUR 8.541,03 40702978200001003838 YANDEX LLC //16 LVA TOLSTOGO STRPAY(5336148)PAYMENT OF INVOICE N-1521017096-1 DD 31.01.2019</AddtlTxInf>
</TxDtls>
</NtryDtls>
</Ntry>
<Ntry>
<NtryRef>032019036173698610000000001</NtryRef>
<Amt Ccy="EUR">31.00</Amt>
<CdtDbtInd>DBIT</CdtDbtInd>
<Sts>BOOK</Sts>
<BookgDt>
<Dt>2019-02-05</Dt>
</BookgDt>
<ValDt>
<Dt>2019-02-05</Dt>
</ValDt>
<AcctSvcrRef>032019036173698610000000001</AcctSvcrRef>
<BkTxCd>
<Domn>
<Cd>PMNT</Cd>
<Fmly>
<Cd>ICDT</Cd>
<SubFmlyCd>CHRG</SubFmlyCd>
</Fmly>
</Domn>
<Prtry>
<Cd>09003</Cd>
<Issr>ING Group</Issr>
</Prtry>
</BkTxCd>
<NtryDtls><TxDtls><AmtDtls><TxAmt>
<Amt Ccy="EUR">31.00</Amt>
</TxAmt>
</AmtDtls>
<RmtInf>
<Strd>
<CdtrRefInf>
<Tp>
<CdOrPrtry>
<Cd>SCOR</Cd>
</CdOrPrtry>
<Issr>CUR</Issr>
</Tp>
<Ref>REF3299523</Ref>
</CdtrRefInf>
</Strd>
</RmtInf>
<RltdDts>
<TxDtTm>2019-02-05T00:00:00</TxDtTm>
</RltdDts>
<AddtlTxInf>Trans.Reference:REF3299523 ING-id: GMOISPLWDCZAJOJ Transfer provisie: EUR 8,00 Toeslag voor spoed: EUR 8,00 Corresp.Kosten: EUR 15,00</AddtlTxInf>
</TxDtls>
</NtryDtls>
</Ntry>
<Ntry>
<NtryRef>032019036223698674000000001</NtryRef>
<Amt Ccy="EUR">40.64</Amt>
<CdtDbtInd>DBIT</CdtDbtInd>
<Sts>BOOK</Sts>
<BookgDt>
<Dt>2019-02-05</Dt>
</BookgDt>
<ValDt>
<Dt>2019-02-05</Dt>
</ValDt>
<AcctSvcrRef>032019036223698674000000001</AcctSvcrRef>
<BkTxCd>
<Domn>
<Cd>PMNT</Cd>
<Fmly>
<Cd>ICDT</Cd>
<SubFmlyCd>XBCT</SubFmlyCd>
</Fmly>
</Domn>
<Prtry>
<Cd>00500</Cd>
<Issr>ING Group</Issr>
</Prtry>
</BkTxCd>
<NtryDtls><TxDtls><AmtDtls><TxAmt>
<Amt Ccy="EUR">40.64</Amt>
</TxAmt>
</AmtDtls>
<RltdPties><Cdtr>
<Nm>YANDEX LLC //16 LVA TOLSTOGO STR.</Nm>
</Cdtr>
<CdtrAcct>
<Id>
<Othr>
<Id>40702978200001003838</Id>
</Othr>
</Id>
<Tp>
<Prtry>General</Prtry>
</Tp>
</CdtrAcct>
</RltdPties>
<RltdAgts><CdtrAgt>
<FinInstnId>
<BIC>INGBRUMMXXX</BIC>
</FinInstnId>
</CdtrAgt>
</RltdAgts>
<RmtInf>
<Strd>
<CdtrRefInf>
<Tp>
<CdOrPrtry>
<Cd>SCOR</Cd>
</CdOrPrtry>
<Issr>CUR</Issr>
</Tp>
<Ref>REF3299523</Ref>
</CdtrRefInf>
</Strd>
</RmtInf>
<RltdDts>
<TxDtTm>2019-02-05T00:00:00</TxDtTm>
</RltdDts>
<AddtlTxInf>Trans.Reference:REF3299523 ING-id: GMOISPLWDCZAJOJ EUR 40,64 40702978200001003838 YANDEX LLC //16 LVA TOLSTOGO STRPAY(5336150)PAYMENT OF INVOICE N-1521017098-1 DD 31.01.2019</AddtlTxInf>
</TxDtls>
</NtryDtls>
</Ntry>
<Ntry>
<NtryRef>032019036223698503000000001</NtryRef>
<Amt Ccy="EUR">31.00</Amt>
<CdtDbtInd>DBIT</CdtDbtInd>
<Sts>BOOK</Sts>
<BookgDt>
<Dt>2019-02-05</Dt>
</BookgDt>
<ValDt>
<Dt>2019-02-05</Dt>
</ValDt>
<AcctSvcrRef>032019036223698503000000001</AcctSvcrRef>
<BkTxCd>
<Domn>
<Cd>PMNT</Cd>
<Fmly>
<Cd>ICDT</Cd>
<SubFmlyCd>CHRG</SubFmlyCd>
</Fmly>
</Domn>
<Prtry>
<Cd>09003</Cd>
<Issr>ING Group</Issr>
</Prtry>
</BkTxCd>
<NtryDtls><TxDtls><AmtDtls><TxAmt>
<Amt Ccy="EUR">31.00</Amt>
</TxAmt>
</AmtDtls>
<RmtInf>
<Strd>
<CdtrRefInf>
<Tp>
<CdOrPrtry>
<Cd>SCOR</Cd>
</CdOrPrtry>
<Issr>CUR</Issr>
</Tp>
<Ref>REF3299554</Ref>
</CdtrRefInf>
</Strd>
</RmtInf>
<RltdDts>
<TxDtTm>2019-02-05T00:00:00</TxDtTm>
</RltdDts>
<AddtlTxInf>Trans.Reference:REF3299554 ING-id: GMFD75CVQ1CCBUP Transfer provisie: EUR 8,00 Toeslag voor spoed: EUR 8,00 Corresp.Kosten: EUR 15,00</AddtlTxInf>
</TxDtls>
</NtryDtls>
</Ntry>
<Ntry>
<NtryRef>032019036293698530000000001</NtryRef>
<Amt Ccy="EUR">31.00</Amt>
<CdtDbtInd>DBIT</CdtDbtInd>
<Sts>BOOK</Sts>
<BookgDt>
<Dt>2019-02-05</Dt>
</BookgDt>
<ValDt>
<Dt>2019-02-05</Dt>
</ValDt>
<AcctSvcrRef>032019036293698530000000001</AcctSvcrRef>
<BkTxCd>
<Domn>
<Cd>PMNT</Cd>
<Fmly>
<Cd>ICDT</Cd>
<SubFmlyCd>CHRG</SubFmlyCd>
</Fmly>
</Domn>
<Prtry>
<Cd>09003</Cd>
<Issr>ING Group</Issr>
</Prtry>
</BkTxCd>
<NtryDtls><TxDtls><AmtDtls><TxAmt>
<Amt Ccy="EUR">31.00</Amt>
</TxAmt>
</AmtDtls>
<RmtInf>
<Strd>
<CdtrRefInf>
<Tp>
<CdOrPrtry>
<Cd>SCOR</Cd>
</CdOrPrtry>
<Issr>CUR</Issr>
</Tp>
<Ref>REF3299532</Ref>
</CdtrRefInf>
</Strd>
</RmtInf>
<RltdDts>
<TxDtTm>2019-02-05T00:00:00</TxDtTm>
</RltdDts>
<AddtlTxInf>Trans.Reference:REF3299532 ING-id: GMNWQZILQAZCPII Transfer provisie: EUR 8,00 Toeslag voor spoed: EUR 8,00 Corresp.Kosten: EUR 15,00</AddtlTxInf>
</TxDtls>
</NtryDtls>
</Ntry>
<Ntry>
<NtryRef>032019036263698565000000001</NtryRef>
<Amt Ccy="EUR">118.64</Amt>
<CdtDbtInd>DBIT</CdtDbtInd>
<Sts>BOOK</Sts>
<BookgDt>
<Dt>2019-02-05</Dt>
</BookgDt>
<ValDt>
<Dt>2019-02-05</Dt>
</ValDt>
<AcctSvcrRef>032019036263698565000000001</AcctSvcrRef>
<BkTxCd>
<Domn>
<Cd>PMNT</Cd>
<Fmly>
<Cd>ICDT</Cd>
<SubFmlyCd>XBCT</SubFmlyCd>
</Fmly>
</Domn>
<Prtry>
<Cd>00500</Cd>
<Issr>ING Group</Issr>
</Prtry>
</BkTxCd>
<NtryDtls><TxDtls><AmtDtls><TxAmt>
<Amt Ccy="EUR">118.64</Amt>
</TxAmt>
</AmtDtls>
<RltdPties><Cdtr>
<Nm>YANDEX LLC //16 LVA TOLSTOGO STR.</Nm>
</Cdtr>
<CdtrAcct>
<Id>
<Othr>
<Id>40702978200001003838</Id>
</Othr>
</Id>
<Tp>
<Prtry>General</Prtry>
</Tp>
</CdtrAcct>
</RltdPties>
<RltdAgts><CdtrAgt>
<FinInstnId>
<BIC>INGBRUMMXXX</BIC>
</FinInstnId>
</CdtrAgt>
</RltdAgts>
<RmtInf>
<Strd>
<CdtrRefInf>
<Tp>
<CdOrPrtry>
<Cd>SCOR</Cd>
</CdOrPrtry>
<Issr>CUR</Issr>
</Tp>
<Ref>REF3299532</Ref>
</CdtrRefInf>
</Strd>
</RmtInf>
<RltdDts>
<TxDtTm>2019-02-05T00:00:00</TxDtTm>
</RltdDts>
<AddtlTxInf>Trans.Reference:REF3299532 ING-id: GMNWQZILQAZCPII EUR 118,64 40702978200001003838 YANDEX LLC //16 LVA TOLSTOGO STRPAY(5336151)PAYMENT OF INVOICE N-1521017099-1 DD 31.01.2019</AddtlTxInf>
</TxDtls>
</NtryDtls>
</Ntry>
<Ntry>
<NtryRef>032019036193698597000000001</NtryRef>
<Amt Ccy="EUR">9145.87</Amt>
<CdtDbtInd>DBIT</CdtDbtInd>
<Sts>BOOK</Sts>
<BookgDt>
<Dt>2019-02-05</Dt>
</BookgDt>
<ValDt>
<Dt>2019-02-05</Dt>
</ValDt>
<AcctSvcrRef>032019036193698597000000001</AcctSvcrRef>
<BkTxCd>
<Domn>
<Cd>PMNT</Cd>
<Fmly>
<Cd>ICDT</Cd>
<SubFmlyCd>XBCT</SubFmlyCd>
</Fmly>
</Domn>
<Prtry>
<Cd>00500</Cd>
<Issr>ING Group</Issr>
</Prtry>
</BkTxCd>
<NtryDtls><TxDtls><AmtDtls><TxAmt>
<Amt Ccy="EUR">9145.87</Amt>
</TxAmt>
</AmtDtls>
<RltdPties><Cdtr>
<Nm>YANDEX LLC //16 LVA TOLSTOGO STR.</Nm>
</Cdtr>
<CdtrAcct>
<Id>
<Othr>
<Id>40702978200001003838</Id>
</Othr>
</Id>
<Tp>
<Prtry>General</Prtry>
</Tp>
</CdtrAcct>
</RltdPties>
<RltdAgts><CdtrAgt>
<FinInstnId>
<BIC>INGBRUMMXXX</BIC>
</FinInstnId>
</CdtrAgt>
</RltdAgts>
<RmtInf>
<Strd>
<CdtrRefInf>
<Tp>
<CdOrPrtry>
<Cd>SCOR</Cd>
</CdOrPrtry>
<Issr>CUR</Issr>
</Tp>
<Ref>REF3299554</Ref>
</CdtrRefInf>
</Strd>
</RmtInf>
<RltdDts>
<TxDtTm>2019-02-05T00:00:00</TxDtTm>
</RltdDts>
<AddtlTxInf>Trans.Reference:REF3299554 ING-id: GMFD75CVQ1CCBUP EUR 9.145,87 40702978200001003838 YANDEX LLC //16 LVA TOLSTOGO STRPAY(5336143)PAYMENT OF INVOICE N-1521017064-1 DD 31.01.2019</AddtlTxInf>
</TxDtls>
</NtryDtls>
</Ntry>
<Ntry>
<NtryRef>032019036063698447000000001</NtryRef>
<Amt Ccy="EUR">31.00</Amt>
<CdtDbtInd>DBIT</CdtDbtInd>
<Sts>BOOK</Sts>
<BookgDt>
<Dt>2019-02-05</Dt>
</BookgDt>
<ValDt>
<Dt>2019-02-05</Dt>
</ValDt>
<AcctSvcrRef>032019036063698447000000001</AcctSvcrRef>
<BkTxCd>
<Domn>
<Cd>PMNT</Cd>
<Fmly>
<Cd>ICDT</Cd>
<SubFmlyCd>CHRG</SubFmlyCd>
</Fmly>
</Domn>
<Prtry>
<Cd>09003</Cd>
<Issr>ING Group</Issr>
</Prtry>
</BkTxCd>
<NtryDtls><TxDtls><AmtDtls><TxAmt>
<Amt Ccy="EUR">31.00</Amt>
</TxAmt>
</AmtDtls>
<RmtInf>
<Strd>
<CdtrRefInf>
<Tp>
<CdOrPrtry>
<Cd>SCOR</Cd>
</CdOrPrtry>
<Issr>CUR</Issr>
</Tp>
<Ref>REF3299522</Ref>
</CdtrRefInf>
</Strd>
</RmtInf>
<RltdDts>
<TxDtTm>2019-02-05T00:00:00</TxDtTm>
</RltdDts>
<AddtlTxInf>Trans.Reference:REF3299522 ING-id: GMB7SGIGN7VTG2B Transfer provisie: EUR 8,00 Toeslag voor spoed: EUR 8,00 Corresp.Kosten: EUR 15,00</AddtlTxInf>
</TxDtls>
</NtryDtls>
</Ntry>
<Ntry>
<NtryRef>032019036173698835000000001</NtryRef>
<Amt Ccy="EUR">31.00</Amt>
<CdtDbtInd>DBIT</CdtDbtInd>
<Sts>BOOK</Sts>
<BookgDt>
<Dt>2019-02-05</Dt>
</BookgDt>
<ValDt>
<Dt>2019-02-05</Dt>
</ValDt>
<AcctSvcrRef>032019036173698835000000001</AcctSvcrRef>
<BkTxCd>
<Domn>
<Cd>PMNT</Cd>
<Fmly>
<Cd>ICDT</Cd>
<SubFmlyCd>CHRG</SubFmlyCd>
</Fmly>
</Domn>
<Prtry>
<Cd>09003</Cd>
<Issr>ING Group</Issr>
</Prtry>
</BkTxCd>
<NtryDtls><TxDtls><AmtDtls><TxAmt>
<Amt Ccy="EUR">31.00</Amt>
</TxAmt>
</AmtDtls>
<RmtInf>
<Strd>
<CdtrRefInf>
<Tp>
<CdOrPrtry>
<Cd>SCOR</Cd>
</CdOrPrtry>
<Issr>CUR</Issr>
</Tp>
<Ref>REF3299557</Ref>
</CdtrRefInf>
</Strd>
</RmtInf>
<RltdDts>
<TxDtTm>2019-02-05T00:00:00</TxDtTm>
</RltdDts>
<AddtlTxInf>Trans.Reference:REF3299557 ING-id: GMW96VCTBPKDMTX Transfer provisie: EUR 8,00 Toeslag voor spoed: EUR 8,00 Corresp.Kosten: EUR 15,00</AddtlTxInf>
</TxDtls>
</NtryDtls>
</Ntry>
<Ntry>
<NtryRef>021619036161863775000000002</NtryRef>
<Amt Ccy="EUR">5000.00</Amt>
<CdtDbtInd>CRDT</CdtDbtInd>
<Sts>BOOK</Sts>
<BookgDt>
<Dt>2019-02-05</Dt>
</BookgDt>
<ValDt>
<Dt>2019-02-05</Dt>
</ValDt>
<AcctSvcrRef>021619036161863775000000002</AcctSvcrRef>
<BkTxCd>
<Domn>
<Cd>PMNT</Cd>
<Fmly>
<Cd>RCDT</Cd>
<SubFmlyCd>ESCT</SubFmlyCd>
</Fmly>
</Domn>
<Prtry>
<Cd>00100</Cd>
<Issr>ING Group</Issr>
</Prtry>
</BkTxCd>
<NtryDtls><TxDtls>
<Refs>
<EndToEndId>5</EndToEndId>
</Refs>
<AmtDtls><TxAmt>
<Amt Ccy="EUR">5000.00</Amt>
</TxAmt>
</AmtDtls>
<RltdPties>
<Dbtr>
<Nm>YEV SOTSMEDIA OU</Nm>
</Dbtr>
<DbtrAcct>
<Id>
<IBAN>EE097700771003436324</IBAN>
</Id>
<Tp>
<Prtry>General</Prtry>
</Tp>
</DbtrAcct>
</RltdPties>
<RltdAgts>
<DbtrAgt>
<FinInstnId>
<BIC>LHVBEE22XXX</BIC>
</FinInstnId>
</DbtrAgt>
</RltdAgts>
<RmtInf>
<Ustrd>Invoice No.: EU-1526343950-1 .Yandex.Direct. Services, YEV SOTSMEDIA OU</Ustrd>
</RmtInf>
<RltdDts>
<TxDtTm>2019-02-05T13:06:05</TxDtTm>
</RltdDts>
</TxDtls>
</NtryDtls>
</Ntry>
<Ntry>
<NtryRef>021519036161853567000000002</NtryRef>
<Amt Ccy="EUR">1000.00</Amt>
<CdtDbtInd>CRDT</CdtDbtInd>
<Sts>BOOK</Sts>
<BookgDt>
<Dt>2019-02-05</Dt>
</BookgDt>
<ValDt>
<Dt>2019-02-05</Dt>
</ValDt>
<AcctSvcrRef>021519036161853567000000002</AcctSvcrRef>
<BkTxCd>
<Domn>
<Cd>PMNT</Cd>
<Fmly>
<Cd>RCDT</Cd>
<SubFmlyCd>ESCT</SubFmlyCd>
</Fmly>
</Domn>
<Prtry>
<Cd>00100</Cd>
<Issr>ING Group</Issr>
</Prtry>
</BkTxCd>
<NtryDtls><TxDtls><AmtDtls><TxAmt>
<Amt Ccy="EUR">1000.00</Amt>
</TxAmt>
</AmtDtls>
<RltdPties>
<Dbtr>
<Nm>INTERCAM STUDIOS GERMANY GmbH</Nm>
</Dbtr>
<DbtrAcct>
<Id>
<IBAN>DE84100500000190281987</IBAN>
</Id>
<Tp>
<Prtry>General</Prtry>
</Tp>
</DbtrAcct>
<UltmtDbtr>
<Nm>INTERCAM STUDIOS GERMANY Gm</Nm>
</UltmtDbtr>
</RltdPties>
<RltdAgts>
<DbtrAgt>
<FinInstnId>
<BIC>BELADEBEXXX</BIC>
</FinInstnId>
</DbtrAgt>
</RltdAgts>
<RmtInf>
<Ustrd>Invoice EU-1521663118-1</Ustrd>
</RmtInf>
<RltdDts>
<TxDtTm>2019-02-05T13:06:03</TxDtTm>
</RltdDts>
</TxDtls>
</NtryDtls>
</Ntry>
<Ntry>
<NtryRef>021119036161956588000000001</NtryRef>
<Amt Ccy="EUR">160.49</Amt>
<CdtDbtInd>DBIT</CdtDbtInd>
<Sts>BOOK</Sts>
<BookgDt>
<Dt>2019-02-05</Dt>
</BookgDt>
<ValDt>
<Dt>2019-02-05</Dt>
</ValDt>
<AcctSvcrRef>021119036161956588000000001</AcctSvcrRef>
<BkTxCd>
<Domn>
<Cd>PMNT</Cd>
<Fmly>
<Cd>ICDT</Cd>
<SubFmlyCd>ESCT</SubFmlyCd>
</Fmly>
</Domn>
<Prtry>
<Cd>00100</Cd>
<Issr>ING Group</Issr>
</Prtry>
</BkTxCd>
<NtryDtls><TxDtls>
<Refs>
<EndToEndId>REF3440642</EndToEndId>
</Refs>
<AmtDtls><TxAmt>
<Amt Ccy="EUR">160.49</Amt>
</TxAmt>
</AmtDtls>
<RltdPties><Cdtr>
<Nm>Refined Labs GmbH</Nm>
</Cdtr>
<CdtrAcct>
<Id>
<IBAN>DE49760520800000005389</IBAN>
</Id>
<Tp>
<Prtry>General</Prtry>
</Tp>
</CdtrAcct>
</RltdPties>
<RltdAgts><CdtrAgt>
<FinInstnId>
<BIC>BYLADEM1NMA</BIC>
</FinInstnId>
</CdtrAgt>
</RltdAgts>
<RmtInf>
<Ustrd>PAY(5478684)Payment of Invoice No 9753000500 dd 10.01.2019</Ustrd>
</RmtInf>
<RltdDts>
<TxDtTm>2019-02-05T14:06:05</TxDtTm>
</RltdDts>
</TxDtls>
</NtryDtls>
</Ntry>
<Ntry>
<NtryRef>032019036215313020000000001</NtryRef>
<Amt Ccy="EUR">8.00</Amt>
<CdtDbtInd>DBIT</CdtDbtInd>
<Sts>BOOK</Sts>
<BookgDt>
<Dt>2019-02-05</Dt>
</BookgDt>
<ValDt>
<Dt>2019-02-05</Dt>
</ValDt>
<AcctSvcrRef>032019036215313020000000001</AcctSvcrRef>
<BkTxCd>
<Domn>
<Cd>PMNT</Cd>
<Fmly>
<Cd>ICDT</Cd>
<SubFmlyCd>CHRG</SubFmlyCd>
</Fmly>
</Domn>
<Prtry>
<Cd>09003</Cd>
<Issr>ING Group</Issr>
</Prtry>
</BkTxCd>
<NtryDtls><TxDtls><AmtDtls><TxAmt>
<Amt Ccy="EUR">8.00</Amt>
</TxAmt>
</AmtDtls>
<RmtInf>
<Strd>
<CdtrRefInf>
<Tp>
<CdOrPrtry>
<Cd>SCOR</Cd>
</CdOrPrtry>
<Issr>CUR</Issr>
</Tp>
<Ref>2009897036FS</Ref>
</CdtrRefInf>
</Strd>
</RmtInf>
<RltdDts>
<TxDtTm>2019-02-05T00:00:00</TxDtTm>
</RltdDts>
<AddtlTxInf>Trans.Reference:2009897036FS ING-id: GE2019020528043 USD 450.000,00 Account: NL51INGB0020015925 Transfer provisie: EUR 8,00</AddtlTxInf>
</TxDtls>
</NtryDtls>
</Ntry>
<Ntry>
<NtryRef>021019036162143231000000002</NtryRef>
<Amt Ccy="EUR">20000.00</Amt>
<CdtDbtInd>CRDT</CdtDbtInd>
<Sts>BOOK</Sts>
<BookgDt>
<Dt>2019-02-05</Dt>
</BookgDt>
<ValDt>
<Dt>2019-02-05</Dt>
</ValDt>
<AcctSvcrRef>021019036162143231000000002</AcctSvcrRef>
<BkTxCd>
<Domn>
<Cd>PMNT</Cd>
<Fmly>
<Cd>RCDT</Cd>
<SubFmlyCd>ESCT</SubFmlyCd>
</Fmly>
</Domn>
<Prtry>
<Cd>00100</Cd>
<Issr>ING Group</Issr>
</Prtry>
</BkTxCd>
<NtryDtls><TxDtls>
<Refs>
<EndToEndId>F023TO9016879</EndToEndId>
</Refs>
<AmtDtls><TxAmt>
<Amt Ccy="EUR">20000.00</Amt>
</TxAmt>
</AmtDtls>
<RltdPties>
<Dbtr>
<Nm>SCOREWARRIOR LIMITED</Nm>
</Dbtr>
<DbtrAcct>
<Id>
<IBAN>CY34008001700000000001756189</IBAN>
</Id>
<Tp>
<Prtry>General</Prtry>
</Tp>
</DbtrAcct>
</RltdPties>
<RltdAgts>
<DbtrAgt>
<FinInstnId>
<BIC>PIRBCY2N</BIC>
</FinInstnId>
</DbtrAgt>
</RltdAgts>
<RmtInf>
<Ustrd>INVOICE NO. EU-1526277420-1,DD. 05.02.2019, YANDEX.DIRECTSERVICES.</Ustrd>
</RmtInf>
<RltdDts>
<TxDtTm>2019-02-05T15:26:02</TxDtTm>
</RltdDts>
</TxDtls>
</NtryDtls>
</Ntry>
<Ntry>
<NtryRef>021619036162358973000000002</NtryRef>
<Amt Ccy="EUR">180.00</Amt>
<CdtDbtInd>CRDT</CdtDbtInd>
<Sts>BOOK</Sts>
<BookgDt>
<Dt>2019-02-05</Dt>
</BookgDt>
<ValDt>
<Dt>2019-02-05</Dt>
</ValDt>
<AcctSvcrRef>021619036162358973000000002</AcctSvcrRef>
<BkTxCd>
<Domn>
<Cd>PMNT</Cd>
<Fmly>
<Cd>RCDT</Cd>
<SubFmlyCd>ESCT</SubFmlyCd>
</Fmly>
</Domn>
<Prtry>
<Cd>00100</Cd>
<Issr>ING Group</Issr>
</Prtry>
</BkTxCd>
<NtryDtls><TxDtls>
<Refs>
<EndToEndId>NOT PROVIDED</EndToEndId>
</Refs>
<AmtDtls><TxAmt>
<Amt Ccy="EUR">180.00</Amt>
</TxAmt>
</AmtDtls>
<RltdPties>
<Dbtr>
<Nm>SYNDICAT LOCAL SKI LESSON.</Nm>
</Dbtr>
<DbtrAcct>
<Id>
<IBAN>FR7616807000073124948419542</IBAN>
</Id>
<Tp>
<Prtry>General</Prtry>
</Tp>
</DbtrAcct>
</RltdPties>
<RltdAgts>
<DbtrAgt>
<FinInstnId>
<BIC>CCBPFRPPGRE</BIC>
</FinInstnId>
</DbtrAgt>
</RltdAgts>
<RmtInf>
<Ustrd>Invoice EU-1519096949-1 Order n 7-40468223</Ustrd>
</RmtInf>
<RltdDts>
<TxDtTm>2019-02-05T18:06:01</TxDtTm>
</RltdDts>
</TxDtls>
</NtryDtls>
</Ntry>
</Stmt>
</BkToCstmrStmt>
</Document>
