<?xml version="1.0" encoding="UTF-8"?>
<Document xmlns:xsd="http://www.w3.org/2001/XMLSchema" xmlns="urn:iso:std:iso:20022:tech:xsd:camt.052.001.05">
    <BkToCstmrAcctRpt>
        <GrpHdr>
            <MsgId>A6C6B0606B93A45CE0539396520A6C14</MsgId>
            <CreDtTm>2020-06-02T17:01:04</CreDtTm>
            <MsgRcpt>
                <Nm>Яндекс ООО</Nm>
                <PstlAdr>
                    <AdrTp>ADDR</AdrTp>
                    <StrtNm>ул.Льва Толстого</StrtNm>
                    <BldgNb>д.16</BldgNb>
                    <PstCd>119021</PstCd>
                    <TwnNm>г.Москва</TwnNm>
                    <Ctry>RU</Ctry>
                    <AdrLine>119021, Россия, г.Москва, ул.Льва Толстого, д.16, Г МОСКВА</AdrLine>
                </PstlAdr>
                <Id>
                    <OrgId>
                        <Othr>
                            <Id>1003838</Id>
                        </Othr>
                    </OrgId>
                </Id>
            </MsgRcpt>
        </GrpHdr>
        <Rpt>
            <Id>A6C6B0606B93A45CE0539396520A6C14</Id>
            <ElctrncSeqNb>37</ElctrncSeqNb>
            <CreDtTm>2020-06-02T17:01:04</CreDtTm>
            <FrToDt>
                <FrDtTm>2020-06-02T00:00:00</FrDtTm>
                <ToDtTm>2020-06-02T17:01:00</ToDtTm>
            </FrToDt>
            <Acct>
                <Id>
                    <Othr>
                        <Id>40702810300001003838</Id>
                        <SchmeNm>
                            <Cd>BBAN</Cd>
                        </SchmeNm>
                    </Othr>
                </Id>
                <Tp>
                    <Cd>CACC</Cd>
                </Tp>
                <Ccy>RUB</Ccy>
                <Svcr>
                    <FinInstnId>
                        <BICFI>INGBRUMM</BICFI>
                    </FinInstnId>
                </Svcr>
            </Acct>
            <Bal>
                <Tp>
                    <CdOrPrtry>
                        <Cd>OPBD</Cd>
                    </CdOrPrtry>
                </Tp>
                <Amt Ccy="RUR">1604893486.74</Amt>
                <CdtDbtInd>CRDT</CdtDbtInd>
                <Dt>
                    <Dt>2020-06-02</Dt>
                </Dt>
            </Bal>
            <Bal>
                <Tp>
                    <CdOrPrtry>
                        <Cd>ITBD</Cd>
                    </CdOrPrtry>
                </Tp>
                <Amt Ccy="RUR">0</Amt>
                <CdtDbtInd>CRDT</CdtDbtInd>
                <Dt>
                    <Dt>2020-06-02</Dt>
                </Dt>
            </Bal>
            <Bal>
                <Tp>
                    <CdOrPrtry>
                        <Cd>PRCD</Cd>
                    </CdOrPrtry>
                </Tp>
                <Amt Ccy="RUR">1604893486.74</Amt>
                <CdtDbtInd>CRDT</CdtDbtInd>
                <Dt>
                    <Dt>2020-06-01</Dt>
                </Dt>
            </Bal>
            <Bal>
                <Tp>
                    <CdOrPrtry>
                        <Cd>CLAV</Cd>
                    </CdOrPrtry>
                </Tp>
                <Amt Ccy="RUR">1604893416.74</Amt>
                <CdtDbtInd>CRDT</CdtDbtInd>
                <Dt>
                    <Dt>2020-06-02</Dt>
                </Dt>
            </Bal>
            <TxsSummry>
                <TtlNtries>
                    <NbOfNtries>2</NbOfNtries>
                    <Sum>70</Sum>
                </TtlNtries>
                <TtlDbtNtries>
                    <NbOfNtries>2</NbOfNtries>
                    <Sum>70</Sum>
                </TtlDbtNtries>
            </TxsSummry>
            <Ntry>
                <NtryRef>503722323</NtryRef>
                <Amt Ccy="RUB">30</Amt>
                <CdtDbtInd>DBIT</CdtDbtInd>
                <Sts>BOOK</Sts>
                <BookgDt>
                    <Dt>2020-06-02</Dt>
                </BookgDt>
                <ValDt>
                    <Dt>2020-06-02</Dt>
                </ValDt>
                <BkTxCd>
                    <Domn>
                        <Cd>PMNT</Cd>
                        <Fmly>
                            <Cd>ICDT</Cd>
                            <SubFmlyCd>DMCT</SubFmlyCd>
                        </Fmly>
                    </Domn>
                    <Prtry>
                        <Cd>00300</Cd>
                        <Issr>ING Group</Issr>
                    </Prtry>
                </BkTxCd>
                <NtryDtls>
                    <TxDtls>
                        <Refs>
                            <EndToEndId>11</EndToEndId>
                        </Refs>
                        <Amt Ccy="RUB">30</Amt>
                        <CdtDbtInd>DBIT</CdtDbtInd>
                        <AmtDtls>
                            <InstdAmt>
                                <Amt Ccy="RUB">30</Amt>
                            </InstdAmt>
                            <TxAmt>
                                <Amt Ccy="RUB">30</Amt>
                            </TxAmt>
                        </AmtDtls>
                        <RltdPties>
                            <Dbtr>
                                <Nm>Яндекс ООО</Nm>
                                <Id>
                                    <OrgId>
                                        <Othr>
                                            <Id>7736207543</Id>
                                        </Othr>
                                    </OrgId>
                                </Id>
                            </Dbtr>
                            <DbtrAcct>
                                <Id>
                                    <Othr>
                                        <Id>40702810300001003838</Id>
                                    </Othr>
                                </Id>
                            </DbtrAcct>
                            <Cdtr>
                                <Nm>УФК по г. Москве (МИ ФНС России по крупнейшим налогоплательщикам N7)</Nm>
                                <Id>
                                    <OrgId>
                                        <Othr>
                                            <Id>7707500730</Id>
                                        </Othr>
                                    </OrgId>
                                </Id>
                            </Cdtr>
                            <CdtrAcct>
                                <Id>
                                    <Othr>
                                        <Id>40101810045250010041</Id>
                                    </Othr>
                                </Id>
                            </CdtrAcct>
                        </RltdPties>
                        <RltdAgts>
                            <DbtrAgt>
                                <FinInstnId>
                                    <BICFI>INGBRUMM</BICFI>
                                    <ClrSysMmbId>
                                        <MmbId>044525222</MmbId>
                                    </ClrSysMmbId>
                                    <Nm>ИНГ БАНК (ЕВРАЗИЯ) АО
                                        г. Москва
                                    </Nm>
                                    <Othr>
                                        <Id>30101810500000000222</Id>
                                    </Othr>
                                </FinInstnId>
                            </DbtrAgt>
                            <CdtrAgt>
                                <FinInstnId>
                                    <ClrSysMmbId>
                                        <MmbId>044525000</MmbId>
                                    </ClrSysMmbId>
                                    <Nm>ГУ БАНКА РОССИИ ПО ЦФО
                                        г. Москва 35
                                    </Nm>
                                </FinInstnId>
                            </CdtrAgt>
                        </RltdAgts>
                        <RmtInf>
                            <Ustrd>&quot;УИН0&quot; Перечисление НДС (как налоговый агент) за декабрь 2018 за PLP
                                Architecture International Ltd., счет N 5770 от 25/10/18
                            </Ustrd>
                            <Strd>
                                <RfrdDocInf>
                                    <Tp>
                                        <CdOrPrtry>
                                            <Prtry>RUCBR</Prtry>
                                        </CdOrPrtry>
                                    </Tp>
                                    <RltdDt>2020-06-02</RltdDt>
                                </RfrdDocInf>
                                <CdtrRefInf>
                                    <Ref>0</Ref>
                                </CdtrRefInf>
                            </Strd>
                        </RmtInf>
                        <RltdDts>
                            <TxDtTm>2020-06-02T16:36:49</TxDtTm>
                            <Prtry>
                                <Tp>INGRU</Tp>
                                <Dt>
                                    <Dt>2020-06-02</Dt>
                                </Dt>
                            </Prtry>
                        </RltdDts>
                    </TxDtls>
                </NtryDtls>
            </Ntry>
            <Ntry>
                <NtryRef>503722326</NtryRef>
                <Amt Ccy="RUB">40</Amt>
                <CdtDbtInd>DBIT</CdtDbtInd>
                <Sts>BOOK</Sts>
                <BookgDt>
                    <Dt>2020-06-02</Dt>
                </BookgDt>
                <ValDt>
                    <Dt>2020-06-02</Dt>
                </ValDt>
                <BkTxCd>
                    <Domn>
                        <Cd>PMNT</Cd>
                        <Fmly>
                            <Cd>ICDT</Cd>
                            <SubFmlyCd>DMCT</SubFmlyCd>
                        </Fmly>
                    </Domn>
                    <Prtry>
                        <Cd>00300</Cd>
                        <Issr>ING Group</Issr>
                    </Prtry>
                </BkTxCd>
                <NtryDtls>
                    <TxDtls>
                        <Refs>
                            <EndToEndId>12</EndToEndId>
                        </Refs>
                        <Amt Ccy="RUB">40</Amt>
                        <CdtDbtInd>DBIT</CdtDbtInd>
                        <AmtDtls>
                            <InstdAmt>
                                <Amt Ccy="RUB">40</Amt>
                            </InstdAmt>
                            <TxAmt>
                                <Amt Ccy="RUB">40</Amt>
                            </TxAmt>
                        </AmtDtls>
                        <RltdPties>
                            <Dbtr>
                                <Nm>Яндекс ООО</Nm>
                                <Id>
                                    <OrgId>
                                        <Othr>
                                            <Id>7736207543</Id>
                                        </Othr>
                                    </OrgId>
                                </Id>
                            </Dbtr>
                            <DbtrAcct>
                                <Id>
                                    <Othr>
                                        <Id>40702810300001003838</Id>
                                    </Othr>
                                </Id>
                            </DbtrAcct>
                            <Cdtr>
                                <Nm>Межрегиональное операционное УФК (ФТС России)</Nm>
                                <Id>
                                    <OrgId>
                                        <Othr>
                                            <Id>7730176610</Id>
                                        </Othr>
                                    </OrgId>
                                </Id>
                            </Cdtr>
                            <CdtrAcct>
                                <Id>
                                    <Othr>
                                        <Id>40101810800000002901</Id>
                                    </Othr>
                                </Id>
                            </CdtrAcct>
                        </RltdPties>
                        <RltdAgts>
                            <DbtrAgt>
                                <FinInstnId>
                                    <BICFI>INGBRUMM</BICFI>
                                    <ClrSysMmbId>
                                        <MmbId>044525222</MmbId>
                                    </ClrSysMmbId>
                                    <Nm>ИНГ БАНК (ЕВРАЗИЯ) АО
                                        г. Москва
                                    </Nm>
                                    <Othr>
                                        <Id>30101810500000000222</Id>
                                    </Othr>
                                </FinInstnId>
                            </DbtrAgt>
                            <CdtrAgt>
                                <FinInstnId>
                                    <ClrSysMmbId>
                                        <MmbId>044501002</MmbId>
                                    </ClrSysMmbId>
                                    <Nm>ОПЕРАЦИОННЫЙ ДЕПАРТАМЕНТ БАНКА РОССИИ
                                        г. Москва 701
                                    </Nm>
                                </FinInstnId>
                            </CdtrAgt>
                        </RltdAgts>
                        <RmtInf>
                            <Ustrd>Авансовые платежи для Единого ЛС открытого в ФТС России</Ustrd>
                            <Strd>
                                <RfrdDocInf>
                                    <Tp>
                                        <CdOrPrtry>
                                            <Prtry>RUCBR</Prtry>
                                        </CdOrPrtry>
                                    </Tp>
                                    <RltdDt>2020-06-02</RltdDt>
                                </RfrdDocInf>
                                <CdtrRefInf>
                                    <Ref>0</Ref>
                                </CdtrRefInf>
                            </Strd>
                        </RmtInf>
                        <RltdDts>
                            <TxDtTm>2020-06-02T16:38:23</TxDtTm>
                            <Prtry>
                                <Tp>INGRU</Tp>
                                <Dt>
                                    <Dt>2020-06-02</Dt>
                                </Dt>
                            </Prtry>
                        </RltdDts>
                    </TxDtls>
                </NtryDtls>
            </Ntry>
        </Rpt>
    </BkToCstmrAcctRpt>
</Document>
