:20:STMT20201020
:25:91470040/8229458910
:28C:00189/00010
:60M:D201019RON2980,11
:61:201019CN72615,00NFEX38469557//FX05453923-2
:86:110~20DEAL DATE: 19 OCT 20       ~21VALUE DATE: 19 OCT 20      ~
22AMOUNT BOUGHT:             ~23EUR 15000,00               ~
24AMOUNT SOLD:               ~25RON 72615,00               ~
26EXCHANGE RATE: 4,841000000 ~27FX/SCHIMB VALUTAR          ~
28YANDEX.GO SRL              ~29ROMANIA BUCURESTI SECTOR 1 ~
60                           ~
:61:201019RDN574,59NTRFNONREF//PA82010195-27928
:86:110~20AMT RCD RON 574,59         ~21                           ~
22                           ~32                           ~33
                        ~31                           ~23
                   ~25PAYMENT UNDER AGREEMENT 278~26900/19 552.59
RON, PAYMENT U~27NDER AGREEMENT OF-270079/19~28 22.00RON
         ~29                           ~60     ~61REVERSAL      ~
:62F:C201019RON70209,48
:64:C201019RON70209,48
:86:NAME ACCOUNT OWNER:YANDEX.GO SRL
ACCOUNT DESCRIPTION:  CURR
IBAN NO : RO79INGB5001000000458910


