<?xml version="1.0" encoding="UTF-8"?>
<Document xmlns:xsd="http://www.w3.org/2001/XMLSchema" xmlns="urn:iso:std:iso:20022:tech:xsd:camt.053.001.05">
    <BkToCstmrStmt>
        <GrpHdr>
            <MsgId>A639445B02F965D1E0539396520A118F</MsgId>
            <CreDtTm>2020-05-29T04:16:19</CreDtTm>
            <MsgRcpt>
                <Nm>Яндекс ООО</Nm>
                <PstlAdr>
                    <AdrTp>ADDR</AdrTp>
                    <StrtNm>ул.Льва Толстого</StrtNm>
                    <BldgNb>д.16</BldgNb>
                    <PstCd>119021</PstCd>
                    <TwnNm>г.Москва</TwnNm>
                    <Ctry>RU</Ctry>
                    <AdrLine>119021, Россия, г.Москва, ул.Льва Толстого, д.16, Г МОСКВА</AdrLine>
                </PstlAdr>
                <Id>
                    <OrgId>
                        <Othr>
                            <Id>1003838</Id>
                        </Othr>
                    </OrgId>
                </Id>
            </MsgRcpt>
        </GrpHdr>
        <Stmt>
            <Id>A639445B02F965D1E0539396520A118F</Id>
            <ElctrncSeqNb>80</ElctrncSeqNb>
            <CreDtTm>2020-05-29T04:16:18</CreDtTm>
            <FrToDt>
                <FrDtTm>2020-05-28T00:00:00</FrDtTm>
                <ToDtTm>2020-05-28T23:59:59</ToDtTm>
            </FrToDt>
            <CpyDplctInd>DUPL</CpyDplctInd>
            <Acct>
                <Id>
                    <Othr>
                        <Id>40702810300001003838</Id>
                        <SchmeNm>
                            <Cd>BBAN</Cd>
                        </SchmeNm>
                    </Othr>
                </Id>
                <Tp>
                    <Cd>CACC</Cd>
                </Tp>
                <Ccy>RUB</Ccy>
                <Svcr>
                    <FinInstnId>
                        <BICFI>INGBRUMM</BICFI>
                    </FinInstnId>
                </Svcr>
            </Acct>
            <Bal>
                <Tp>
                    <CdOrPrtry>
                        <Cd>OPBD</Cd>
                    </CdOrPrtry>
                </Tp>
                <Amt Ccy="RUR">1604937486.74</Amt>
                <CdtDbtInd>CRDT</CdtDbtInd>
                <Dt>
                    <Dt>2020-05-28</Dt>
                </Dt>
            </Bal>
            <Bal>
                <Tp>
                    <CdOrPrtry>
                        <Cd>CLBD</Cd>
                    </CdOrPrtry>
                </Tp>
                <Amt Ccy="RUR">1604893486.74</Amt>
                <CdtDbtInd>CRDT</CdtDbtInd>
                <Dt>
                    <Dt>2020-05-28</Dt>
                </Dt>
            </Bal>
            <Bal>
                <Tp>
                    <CdOrPrtry>
                        <Cd>PRCD</Cd>
                    </CdOrPrtry>
                </Tp>
                <Amt Ccy="RUR">1604937486.74</Amt>
                <CdtDbtInd>CRDT</CdtDbtInd>
                <Dt>
                    <Dt>2020-05-27</Dt>
                </Dt>
            </Bal>
            <Bal>
                <Tp>
                    <CdOrPrtry>
                        <Cd>CLAV</Cd>
                    </CdOrPrtry>
                </Tp>
                <Amt Ccy="RUR">1604893486.74</Amt>
                <CdtDbtInd>CRDT</CdtDbtInd>
                <Dt>
                    <Dt>2020-05-28</Dt>
                </Dt>
            </Bal>
            <TxsSummry>
                <TtlNtries>
                    <NbOfNtries>1</NbOfNtries>
                    <Sum>44000</Sum>
                </TtlNtries>
                <TtlDbtNtries>
                    <NbOfNtries>1</NbOfNtries>
                    <Sum>44000</Sum>
                </TtlDbtNtries>
            </TxsSummry>
            <Ntry>
                <NtryRef>503668656</NtryRef>
                <Amt Ccy="RUB">44000</Amt>
                <CdtDbtInd>DBIT</CdtDbtInd>
                <Sts>BOOK</Sts>
                <BookgDt>
                    <Dt>2020-05-28</Dt>
                </BookgDt>
                <ValDt>
                    <Dt>2020-05-28</Dt>
                </ValDt>
                <BkTxCd>
                    <Domn>
                        <Cd>PMNT</Cd>
                        <Fmly>
                            <Cd>ICDT</Cd>
                            <SubFmlyCd>DMCT</SubFmlyCd>
                        </Fmly>
                    </Domn>
                    <Prtry>
                        <Cd>00300</Cd>
                        <Issr>ING Group</Issr>
                    </Prtry>
                </BkTxCd>
                <NtryDtls>
                    <TxDtls>
                        <Refs>
                            <EndToEndId>12774</EndToEndId>
                        </Refs>
                        <Amt Ccy="RUB">44000</Amt>
                        <CdtDbtInd>DBIT</CdtDbtInd>
                        <AmtDtls>
                            <InstdAmt>
                                <Amt Ccy="RUB">44000</Amt>
                            </InstdAmt>
                            <TxAmt>
                                <Amt Ccy="RUB">44000</Amt>
                            </TxAmt>
                        </AmtDtls>
                        <RltdPties>
                            <Dbtr>
                                <Nm>Яндекс ООО</Nm>
                                <Id>
                                    <OrgId>
                                        <Othr>
                                            <Id>7736207543</Id>
                                        </Othr>
                                    </OrgId>
                                </Id>
                            </Dbtr>
                            <DbtrAcct>
                                <Id>
                                    <Othr>
                                        <Id>40702810300001003838</Id>
                                    </Othr>
                                </Id>
                            </DbtrAcct>
                            <Cdtr>
                                <Nm>УФК по г. Москве (МИ ФНС России по крупнейшим налогоплательщикам 7)</Nm>
                                <Id>
                                    <OrgId>
                                        <Othr>
                                            <Id>7707500730</Id>
                                        </Othr>
                                    </OrgId>
                                </Id>
                            </Cdtr>
                            <CdtrAcct>
                                <Id>
                                    <Othr>
                                        <Id>40101810045250010041</Id>
                                    </Othr>
                                </Id>
                            </CdtrAcct>
                        </RltdPties>
                        <RltdAgts>
                            <DbtrAgt>
                                <FinInstnId>
                                    <BICFI>INGBRUMM</BICFI>
                                    <ClrSysMmbId>
                                        <MmbId>044525222</MmbId>
                                    </ClrSysMmbId>
                                    <Nm>ИНГ БАНК (ЕВРАЗИЯ) АО
                                        г. Москва
                                    </Nm>
                                    <Othr>
                                        <Id>30101810500000000222</Id>
                                    </Othr>
                                </FinInstnId>
                            </DbtrAgt>
                            <CdtrAgt>
                                <FinInstnId>
                                    <ClrSysMmbId>
                                        <MmbId>044525000</MmbId>
                                    </ClrSysMmbId>
                                    <Nm>ГУ БАНКА РОССИИ ПО ЦФО
                                        г. Москва 35
                                    </Nm>
                                </FinInstnId>
                            </CdtrAgt>
                        </RltdAgts>
                        <RmtInf>
                            <Ustrd>УИН0/// Перечисление НДС (как налоговый агент) за май 2020 за АВАРН, Ограниченное
                                партнерство дог. N 10168094 от 21/03/2018
                            </Ustrd>
                            <Strd>
                                <RfrdDocInf>
                                    <Tp>
                                        <CdOrPrtry>
                                            <Prtry>RUCBR</Prtry>
                                        </CdOrPrtry>
                                    </Tp>
                                    <RltdDt>2020-05-27</RltdDt>
                                </RfrdDocInf>
                                <CdtrRefInf>
                                    <Ref>0</Ref>
                                </CdtrRefInf>
                            </Strd>
                        </RmtInf>
                        <RltdDts>
                            <TxDtTm>2020-05-28T10:20:20</TxDtTm>
                            <Prtry>
                                <Tp>INGRU</Tp>
                                <Dt>
                                    <Dt>2020-05-27</Dt>
                                </Dt>
                            </Prtry>
                        </RltdDts>
                        <AddtlTxInf>BBR_DOC_DRAFT_VOS_IN;</AddtlTxInf>
                    </TxDtls>
                </NtryDtls>
            </Ntry>
        </Stmt>
    </BkToCstmrStmt>
</Document>
