1CClientBankExchange
ВерсияФормата=1.02
Кодировка=windows-1251
Отправитель=
Получатель=
ДатаСоздания=23.11.2021
ВремяСоздания=11:44:25
ДатаНачала=15.11.2021
ДатаКонца=15.11.2021
РасчСчет=10000000000000000001
СекцияРасчСчет
ДатаНачала=15.11.2021
ДатаКонца=15.11.2021
РасчСчет=10000000000000000001
НачальныйОстаток=100.05
ВсегоСписано=50
ВсегоПоступило=0
КонечныйОстаток=50.05
КонецРасчСчет
СекцияДокумент=Банковский ордер
Номер=98187
Дата=15.11.2021
Сумма=50
ПлательщикСчет=10000000000000000001
ДатаСписано=15.11.2021
Плательщик=ООО " "
ПлательщикИНН=
ПлательщикКПП=
ПлательщикРасчСчет=
ПлательщикБанк1=РНКО "Деньги.Мэйл.Ру" (ООО)
ПлательщикБИК=
ПлательщикКорсчет=
ПолучательСчет=20000000000000000002
Получатель=РНКО "Деньги.Мэйл.Ру" (ООО)
ПолучательИНН=
ПолучательКПП=
ПолучательРасчСчет=
ПолучательБанк1=РНКО "Деньги.Мэйл.Ру" (ООО)
ПолучательБИК=
ПолучательКорсчет=
ВидПлатежа=
ВидОплаты=17
НазначениеПлатежа=Выплата аванса заработной платы
Код=
СтатусСоставителя=
ПоказательКБК=
ОКАТО=
ПоказательОснования=
ПоказательПериода=
ПоказательНомера=
ПоказательДаты=
ПоказательТипа=
Очередность=5
КонецДокумента
КонецФайла