:20:STMT20171003
:25:40702810300001004400
:28C:10275
:60F:C171002RUB6486256,49
:61:171002DB36,00NTRF //4468
:86:~01ИНГ БАНК (ЕВРАЗИЯ) АО~027712014310~0370601810119232740206~0404
4525222~05ИНГ БАНК (ЕВРАЗИЯ) АКЦИОНЕРНОЕ ОБЩЕСТВО~06Комиссия за п
роведение 3 платежных документов за 02-10-2017 НДС не облагается.
~1130101810500000000222~1320171002~1520171002~1705~1817~1900
:61:171002DB25000,00NTRF //31976
:86:~01ООО Яндекс ДЦ~026232008480~0340702810300661004400~04044525222~
05ИНГ БАНК (ЕВРАЗИЯ) АКЦИОНЕРНОЕ ОБЩЕСТВО~06Пополнение корпоратив
ных карт. НДС не облагается~1130101810500000000222~1320171002~152
0171002~1705~1801~1900
:61:171002DB53800,00NTRF //49958
:86:~01ЗАО "Интерсити сервис"~027704005657~0340702810800000382001~040
44525985~05ПУБЛИЧНОЕ АКЦИОНЕРНОЕ ОБЩЕСТВО БАНК "ФИНАНСОВАЯ КОРПОР
АЦИЯ ОТКРЫТИЕ"~06Оплата по сч. N 9170026 от 17/09/2017. Без НДС~1
130101810300000000985~1320171002~1520171002~1705~1801~1900
:61:171002DB111589,00NTRF //51125
:86:~01Сарычев Андрей Михайлович~02644200090402~034081781075315390388
8~04046126614~05РЯЗАНСКОЕ ОТДЕЛЕНИЕ N 8606 ПАО СБЕРБАНК~06Перечис
ление аванса на хоз.расходы сотр. СарычевАндрей Михайлович. НДС н
е облагается.~1130101810500000000614~1320171002~1520171002~1705~1
801~1900
:61:171002DB391887,29NTRF //49959
:86:~01ООО "ЕДИНЫЙ ЦЕНТР СПЕЦИАЛИЗИРОВАННОГО СТРОИТЕЛЬСТВА"~026234130
486~0340702810900000006552~04046126708~05ПРИО-ВНЕШТОРГБАНК (ПАО)~
06Оплата по сч. N 3 от 01.09.2017, по дог. N 10138596 от 22.06.20
17. В том числе НДС (18%): 59 779,42 руб.~1130101810500000000708~
1320171002~1520171002~1705~1801~1900
:62F:C171002RUB5903944,20
:64:C171002RUB5903944,20
:86:NAME ACCOUNT OWNER:Yandex DC LLC
ACCOUNT DESCRIPTION:  CURR
-


