0000 01INGBNL2AXXXX00001
0000 01INGBNL2AYYYY00001
940 00
:20:ING
:25:NL35INGB0650977351EUR
:28C:159
:60F:C170814EUR4429690,96
:61:170815C1000,00NTRFEREF//72270800171081
/TRCD/00100/
:86:/EREF/btzMPiDR110820170426575341//CNTP/IT84V088056507000100920029
8/CCRTIT2TFOB/ALEAPRO SNC DI FIOROT CRISTIAN///REMI/USTD//Adverti
sing campaign- Yandex Direct - Invoice No- EU-345323285-1/
:61:170816D8,00NCHGD0372260199001//72270900027331
/TRCD/09003/
:86:/REMI/USTD//Trans.Reference:D0372260199001  ING-id: GE20170815339
49         USD 1.500,00                    Account: NL51INGB00200
15925     Transfer provisie: EUR 8,00/
:61:170816D8,00NCHGPATH17081561A3AV//72271100019567
/TRCD/09003/
:86:/REMI/USTD//Trans.Reference:PATH17081561A3AVING-id: GE20170815369
57         RUB 2.703.109,33                Account: NL06INGB00200
90358     Transfer provisie: EUR 8,00/
:61:170815D1487,49NTRFEREF//72271200008342
/TRCD/00100/
:86:/EREF/REF1691629//CNTP/DE40100208900025598997/HYVEDEMM488/Fyber G
mbH///REMI/USTD//YAN-50092-05/16 17.05.2016/
:61:170815D1355640,92NTRFREF1650168//72271300023511
/TRCD/00500/
:86:/CNTP/40702978200001003838/INGBRUMMXXX/YANDEX LLC   16 LVA TOLSTO
GO STR./MOSCOW//REMI/USTD//Trans.Reference:REF1650168      ING-id
  GMSOF30QU2WP4P0         EUR 1.355.640,92                4070297
8200001003838            YANDEX LLC //16 LVA TOLSTOGO STRINV N 33
2774161 1 DD 31 07 2017/
:61:170815D23,00NCHGREF1650168//72271300023512
/TRCD/09003/
:86:/REMI/USTD//Trans.Reference:REF1650168      ING-id: GMSOF30QU2WP4
P0         Transfer provisie: EUR 8,00     Corresp.Kosten: EUR 15
,00/
:61:170815C180,00NTRFNONREF//72271700026524
/TRCD/00100/
:86:/CNTP/EE271010220196163223/EEUHEE2X/FCR MEDIA AS///REMI/USTD//Arv
e nr.  EU-323252622-1 Estonia Spa Hotels AS/
:61:170815C1705,03NTRFNONREF//72271700026525
/TRCD/00100/
:86:/CNTP/EE271010220196163223/EEUHEE2X/FCR MEDIA AS///REMI/USTD//Arv
e nr. EU-323360624-1 Ulemiste Center/
:61:170815C720,00NTRFNONREF//72271700026526
/TRCD/00100/
:86:/CNTP/EE271010220196163223/EEUHEE2X/FCR MEDIA AS///REMI/USTD//Arv
e nr.  EU-323342551-1 inchcape Motors Estonia OU/
:61:170815C600,00NTRFNONREF//72271700026527
/TRCD/00100/
:86:/CNTP/EE271010220196163223/EEUHEE2X/FCR MEDIA AS///REMI/USTD//Arv
e nr.  EU-323289860-1 StockmannAS/
:61:170815C1500,00NTRFPET555822227//72272200025265
/TRCD/00500/
:86:/CNTP//BARCGB22XXX/UNIQUE DIGITAL MARKETING LIMITED/77 HATTON GAR
DEN, EC1N 8JS//REMI/USTD//Trans.Reference:PET555822227    ING-id:
 GE2017081550908         EUR 1.500,00                    20789852
116422                  UNIQUE DIGITAL MARKETING LIMITED77 HATTON
 GARDEN, EC1N 8JS      EU-349037925-1/
:61:170815D8,00NCHGSW1508003352100//72272400107145
/TRCD/09003/
:86:/REMI/USTD//Trans.Reference:SW1508003352100 ING-id: GE20170815482
27         EUR 1.268,81                    Account: NL51INGB00200
15925     Transfer provisie: EUR 8,00/
:61:170815D309,68NTRFEREF//72272500017256
/TRCD/00100/
:86:/EREF/REF1692038//CNTP/FI2310183000074064/NDEAFIHH/Tournorruss OY
///REMI/USTD//Invoice N TNV015235 dd 12.05.2017./
:62F:C170815EUR3077910,90
:64:C170815EUR3077926,90
:65:C170816EUR3077910,90
:65:C170817EUR3077910,90
:86:D000007C000006D1357485,09C5705,03
-XXX