1CClientBankExchange
ВерсияФормата=1.03
Кодировка=Windows
Получатель=
ДатаНачала=16.02.2022
ДатаКонца=16.02.2022
РасчСчет=40702810400000007539
СекцияРасчСчет
ДатаНачала=16.02.2022
ДатаКонца=16.02.2022
РасчСчет=40702810400000007539
НачальныйОстаток=176305616.62
ВсегоПоступило=0.00
ВсегоСписано=1400.00
КонечныйОстаток=176304216.62
КонецРасчСчет
СекцияДокумент=Банковский ордер
Номер=130162
Дата=16.02.2022
Сумма=1400.00
ПлательщикСчет=40702810400000007539
ДатаСписано=16.02.2022
ПлательщикИНН=7704460769
ПлательщикКПП=770401001
Плательщик1=ООО "Яндекс.Заправки"
ПлательщикРасчСчет=40702810400000007539
ПлательщикБанк1=БАНК "ВБРР" (АО)
ПлательщикБанк2=г Москва
ПлательщикБИК=044525880
ПлательщикКорсчет=30101810900000000880
ПолучательСчет=47423810500001012792
ПолучательИНН=7736153344
ПолучательКПП=771701001
Получатель1=Акционерное общество "Всероссийский банк развития регионов"
ПолучательРасчСчет=47423810500001012792
ПолучательБанк1=БАНК "ВБРР" (АО)
ПолучательБанк2=г Москва
ПолучательБИК=044525880
ПолучательКорсчет=30101810900000000880
ВидПлатежа=
ВидОплаты=17
СтатусСоставителя=
ПоказательКБК=
ОКАТО=
ПоказательОснования=
ПоказательПериода=
ПоказательНомера=
ПоказательДаты=
ПоказательТипа=
СрокПлатежа=
Очередность=5
НазначениеПлатежа=Комиссия за регистрацию одного брелока для генерации одноразовых паролей. НДС не облагается.
КонецДокумента
КонецФайла
