 {1:F01AGCAAM22AXXX0000000001}{2:I940N}{4:
:20:22053000000
:25:220410510832000
:28C:44706/001
:60F:C220527AMD694096,80
:61:220527D500000,00NMSC11//nonref
Payment from account or memorial o
:86:437, 110000903 Payment as of Agreement 1816262/21 (onlayn banking
 57839600) statcogh  IDRAM  SPY
:61:220527D3596419,60NMSC10//nonref
Payment from account or memorial o
:86:433, 110000903 Payment as of Agreement 1816262/21 (onlayn banking
 57839545) statcogh  IDRAM  SPY
:61:220527D4000000,00NMSC8//nonref
Payment from account or memorial o
:86:430, 110000904 Payment as of Agreement 1816848/21 (onlayn banking
 57839432) statcogh  IDRAM  SPY
:61:220527D9075433,50NMSC6//nonref
Payment from account or memorial o
:86:425, 110000904 Payment as of Agreement 1816848/21 (onlayn banking
 57839354) statcogh  IDRAM  SPY
:61:220527D12105768,90NMSC5//nonref
Payment from account or memorial o
:86:427, 110000901 Payment as of Agreement 1816979/21 (onlayn banking
 57839301) statcogh  IDRAM  SPY
:61:220527D1000000,00NMSC7//nonref
Payment from account or memorial o
:86:431, 110000901 Payment as of Agreement 1816979/21 (onlayn banking
 57839397) statcogh  IDRAM  SPY
:61:220527C300000,00NMSC4//nonref
Payment from account or memorial o
:86:Phokhantcoum hashvin (onlayn banking 57839234) phokhantcogh  YAN
DEQS.TAQSI EYEM  SPY
:61:220527C29000000,00NMSC3//nonref
Payment from account or memorial o
:86:Phokhantcoum hashvin (onlayn banking 57839017) phokhantcogh  YAN
DEQS.TAQSI EYEM  SPY
:61:220527C400000,00NMSC1//nonref
Payment from account or memorial o
:86:Phokhantcoum hashvin (onlayn banking 57817059) phokhantcogh  YAN
DEQS.TAQSI EYEM  SPY
:62F:C220527AMD116474,80
-}
