1CClientBankExchange
ВерсияФормата=1.01
Кодировка=Windows
Отправитель=Альфа-Бизнес Онлайн
Получатель=
ДатаСоздания=23.11.2018
ВремяСоздания=11:28:45
ДатаНачала=11.02.2019
ДатаКонца=11.02.2019
РасчСчет=40702810801850001181

СекцияРасчСчет
ДатаНачала=11.02.2019
ДатаКонца=11.02.2019
РасчСчет=40702810801850001181
НачальныйОстаток=23.00
ВсегоПоступило=0.00
ВсегоСписано=22.42
КонечныйОстаток=0.58
КонецРасчСчет

СекцияДокумент=Платежное требование
Номер=52
Дата=19.10.2018
Сумма=11.21
ПлательщикСчет=40702810801850001181
ДатаСписано=11.02.2019
Плательщик=ООО "ЯНДЕКС.ТАКСИ"
ПлательщикИНН=7704340310
ПлательщикКПП=770501001
ПлательщикРасчСчет=40702810801850001181
ПлательщикБанк1=АО "АЛЬФА-БАНК" г. Москва
ПлательщикБИК=044525593
ПлательщикКорсчет=30101810200000000593
ПолучательСчет=4070281030140000
ДатаПоступило=
Получатель=test name
ПолучательИНН=7725713770
ПолучательКПП=772501001
ПолучательРасчСчет=4070281030140000
ПолучательБанк1=АО "АЛЬФА-БАНК" г. Москва
ПолучательБИК=044525593
ПолучательКорсчет=30101810200000000593
ВидПлатежа=электронно
ВидОплаты=02
СрокАкцепта=
УсловиеОплаты1=
СтатусСоставителя=
ПоказательКБК=
ОКАТО=0
ПоказательОснования=0
ПоказательПериода=0
ПоказательНомера=0
ПоказательДаты=0
ПоказательТипа=0
Очередность=5
НазначениеПлатежа=Комиссия за подключение к системе"Альфа-Бизнес Онлайн" согл. Тарифам Банка. НДС не облаг., ООО "ЯНДЕКС.ТАКСИ"
ВидАккредитива=
СрокПлатежа=
НомерСчетаПоставщика=
ПлатежПоПредст=
ДополнУсловия=
ДатаОтсылкиДок=
КонецДокумента
СекцияДокумент=Платежное требование
Номер=32
Дата=19.10.2018
Сумма=11.21
ПлательщикСчет=40702810801850001181
ДатаСписано=11.02.2019
Плательщик=ООО "ЯНДЕКС.ТАКСИ"
ПлательщикИНН=7704340310
ПлательщикКПП=770501001
ПлательщикРасчСчет=40702810801850001181
ПлательщикБанк1=АО "АЛЬФА-БАНК" г. Москва
ПлательщикБИК=044525593
ПлательщикКорсчет=30101810200000000593
ПолучательСчет=4070281030140000
ДатаПоступило=
Получатель=test name
ПолучательИНН=7725713770
ПолучательКПП=772501001
ПолучательРасчСчет=4070281030140000
ПолучательБанк1=АО "АЛЬФА-БАНК" г. Москва
ПолучательБИК=044525593
ПолучательКорсчет=30101810200000000593
ВидПлатежа=электронно
ВидОплаты=02
СрокАкцепта=
УсловиеОплаты1=
СтатусСоставителя=
ПоказательКБК=
ОКАТО=0
ПоказательОснования=0
ПоказательПериода=0
ПоказательНомера=0
ПоказательДаты=0
ПоказательТипа=0
Очередность=5
НазначениеПлатежа=Комиссия за подключение к системе"Альфа-Бизнес Онлайн" согл. Тарифам Банка. НДС не облаг., ООО "ЯНДЕКС.ТАКСИ"
ВидАккредитива=
СрокПлатежа=
НомерСчетаПоставщика=
ПлатежПоПредст=
ДополнУсловия=
ДатаОтсылкиДок=
КонецДокумента

КонецФайла
