<?xml version="1.0" encoding="UTF-8" standalone="yes"?>
<Document xmlns="urn:iso:std:iso:20022:tech:xsd:camt.053.001.05">
    <BkToCstmrStmt>
        <GrpHdr>
            <MsgId>3c6c6abd83cb444cb75668cbb752f394</MsgId>
            <CreDtTm>2020-01-17T07:18:00.491+03:00</CreDtTm>
        </GrpHdr>
        <Stmt>
            <Id>d4a4762cff274be3bc5b4d598432309c</Id>
            <CreDtTm>2020-01-17T07:18:00.491+03:00</CreDtTm>
            <FrToDt>
                <FrDtTm>2019-10-24T03:00:00</FrDtTm>
                <ToDtTm>2019-10-24T03:00:00</ToDtTm>
            </FrToDt>
            <Acct>
                <Id>
                    <Othr>
                        <Id>40702810001300013144</Id>
                    </Othr>
                </Id>
                <Ownr>
                    <Nm>ООО "Мир Технологий"</Nm>
                    <Id>
                        <OrgId>
                            <Othr>
                                <Id>6315016823</Id>
                                <SchmeNm>
                                    <Cd>TXID</Cd>
                                </SchmeNm>
                            </Othr>
                        </OrgId>
                    </Id>
                </Ownr>
                <Svcr>
                    <FinInstnId>
                        <BICFI>ALFARUMMXXX</BICFI>
                        <ClrSysMmbId>
                            <ClrSysId>
                                <Cd>RUCBC</Cd>
                            </ClrSysId>
                            <MmbId>044525593</MmbId>
                        </ClrSysMmbId>
                        <Nm>ДО "ЦЕНТР ОБСЛУЖИВ.КРУПНЫХ КОРПОР.КЛИЕНТОВ" г.МОСКВА АО"АЛЬФА-БАНК"</Nm>
                        <PstlAdr>
                            <AdrLine>107078,Россия, г.Москва, ул.Маши Порываевой д.34</AdrLine>
                        </PstlAdr>
                        <Othr>
                            <Id>7728168971</Id>
                        </Othr>
                    </FinInstnId>
                </Svcr>
            </Acct>
            <Bal>
                <Tp>
                    <CdOrPrtry>
                        <Cd>OPBD</Cd>
                    </CdOrPrtry>
                </Tp>
                <Amt Ccy="RUR">4270770.12</Amt>
                <CdtDbtInd>CRDT</CdtDbtInd>
                <Dt>
                    <Dt>2019-10-24</Dt>
                </Dt>
            </Bal>
            <Bal>
                <Tp>
                    <CdOrPrtry>
                        <Cd>CLBD</Cd>
                    </CdOrPrtry>
                </Tp>
                <Amt Ccy="RUR">4270795.37</Amt>
                <CdtDbtInd>CRDT</CdtDbtInd>
                <Dt>
                    <Dt>2019-10-24</Dt>
                </Dt>
            </Bal>
            <TxsSummry>
                <TtlCdtNtries>
                    <Sum>25.25</Sum>
                </TtlCdtNtries>
                <TtlDbtNtries>
                    <Sum>0.00</Sum>
                </TtlDbtNtries>
            </TxsSummry>
            <Ntry>
                <Amt Ccy="RUR">25.25</Amt>
                <CdtDbtInd>CRDT</CdtDbtInd>
                <Sts>BOOK</Sts>
                <BookgDt>
                    <Dt>2019-10-23</Dt>
                </BookgDt>
                <ValDt>
                    <Dt>2019-10-24</Dt>
                </ValDt>
                <BkTxCd>
                    <Domn>
                        <Cd>PMNT</Cd>
                        <Fmly>
                            <Cd>RCDT</Cd>
                            <SubFmlyCd>NTAV</SubFmlyCd>
                        </Fmly>
                    </Domn>
                </BkTxCd>
                <NtryDtls>
                    <TxDtls>
                        <Refs>
                            <EndToEndId>12356</EndToEndId>
                        </Refs>
                        <Amt Ccy="RUR">25.25</Amt>
                        <CdtDbtInd>CRDT</CdtDbtInd>
                        <Chrgs>
                            <Rcrd>
                                <Amt Ccy="RUR">0.00</Amt>
                                <Br>CRED</Br>
                                <Agt>
                                    <FinInstnId/>
                                </Agt>
                            </Rcrd>
                        </Chrgs>
                        <RltdPties>
                            <Dbtr>
                                <Nm>Общество с ограниченной ответственностью магазин "ПАШКОВ"</Nm>
                                <Id>
                                    <OrgId>
                                        <Othr>
                                            <Id>7730024984</Id>
                                            <SchmeNm>
                                                <Cd>TXID</Cd>
                                            </SchmeNm>
                                        </Othr>
                                    </OrgId>
                                </Id>
                            </Dbtr>
                            <DbtrAcct>
                                <Id>
                                    <Othr>
                                        <Id>40702810000000001897</Id>
                                    </Othr>
                                </Id>
                            </DbtrAcct>
                            <Cdtr>
                                <Nm>Общество с ограниченной ответственностью "Мир технологий"</Nm>
                                <Id>
                                    <OrgId>
                                        <Othr>
                                            <Id>6315016823</Id>
                                            <SchmeNm>
                                                <Cd>TXID</Cd>
                                            </SchmeNm>
                                        </Othr>
                                    </OrgId>
                                </Id>
                            </Cdtr>
                            <CdtrAcct>
                                <Id>
                                    <Othr>
                                        <Id>40702810001300013144</Id>
                                    </Othr>
                                </Id>
                            </CdtrAcct>
                        </RltdPties>
                        <RltdAgts>
                            <DbtrAgt>
                                <FinInstnId>
                                    <ClrSysMmbId>
                                        <ClrSysId>
                                            <Cd>RUCBC</Cd>
                                        </ClrSysId>
                                        <MmbId>044525593</MmbId>
                                    </ClrSysMmbId>
                                    <Nm>АО "АЛЬФА-БАНК" г. Москва</Nm>
                                    <Othr>
                                        <Id>30101810200000000593</Id>
                                    </Othr>
                                </FinInstnId>
                            </DbtrAgt>
                            <CdtrAgt>
                                <FinInstnId>
                                    <ClrSysMmbId>
                                        <ClrSysId>
                                            <Cd>RUCBC</Cd>
                                        </ClrSysId>
                                        <MmbId>044525593</MmbId>
                                    </ClrSysMmbId>
                                    <Nm>АО "АЛЬФА-БАНК" г. Москва</Nm>
                                    <Othr>
                                        <Id>30101810200000000593</Id>
                                    </Othr>
                                </FinInstnId>
                            </CdtrAgt>
                            <IntrmyAgt1>
                                <FinInstnId/>
                            </IntrmyAgt1>
                        </RltdAgts>
                        <Purp>
                            <Prtry>5</Prtry>
                        </Purp>
                        <RmtInf>
                            <Ustrd>Оплата по договору №123</Ustrd>
                        </RmtInf>
                        <Tax>
                            <Rcrd/>
                        </Tax>
                        <SplmtryData>
                            <Envlp>
                                <NumSB>WS1CD19AO0000001</NumSB>
                            </Envlp>
                        </SplmtryData>
                    </TxDtls>
                </NtryDtls>
            </Ntry>
        </Stmt>
    </BkToCstmrStmt>
</Document>