1CClientBankExchange
ВерсияФормата=1.02
Кодировка=Windows
Отправитель=
Получатель=
ДатаСоздания=11.07.2018
ВремяСоздания=17:43:47
ДатаНачала=11.07.2018
ДатаКонца=11.07.2018
РасчСчет=40702840500091003838
СекцияРасчСчет
ДатаНачала=11.07.2018
ДатаКонца=11.07.2018
НачальныйОстаток=7021461.35
РасчСчет=40702840500091003838
ВсегоСписано=5.00
ВсегоПоступило=0.00
КонечныйОстаток=7021456.35
КонецРасчСчет
СекцияДокумент=Платежное поручение
Номер=42975
Дата=11.07.2018
Сумма=5
ПлательщикСчет=40702840500091003838
ДатаСписано=11.07.2018
Плательщик=ООО "Яндекс.Маркет"
ПлательщикИНН=7704357909
ПлательщикКПП=997750001
ПлательщикРасчСчет=40702810438000034726
ПлательщикБанк1=Московский банк ПАО Сбербанк
ПлательщикБИК=044525225
ПлательщикКорсчет=30101810400000000225
ПолучательСчет=40702810932330000485
ДатаПоступило=
Получатель=ООО "ТД ПРОСЕПТ"
ПолучательИНН=7807103430
ПолучательКПП=780701001
ПолучательРасчСчет=40702810932330000485
ПолучательБанк1=ФИЛИАЛ "САНКТ-ПЕТЕРБУРГСКИЙ" АО "АЛЬФА-БАНК"
ПолучательБИК=044030786
ПолучательКорсчет=30101810600000000786
ВидПлатежа=электронно
ВидОплаты=01
Код=
СтатусСоставителя=
ПоказательКБК=
ОКАТО=
ПоказательОснования=
ПоказательПериода=
ПоказательНомера=
ПоказательДаты=
ПоказательТипа=
Очередность=5
НазначениеПлатежа=Payment purpose
КонецДокумента
КонецФайла