1CClientBankExchange
ВерсияФормата=2.00
Кодировка=Windows
Отправитель=Colvir Banking System 2
Получатель=Товарищество с Ограниченной Ответственностью "ТОН"
ДатаСоздания=29.06.2018
ВремяСоздания=10:00:00
ДатаНачала=29.06.2018
ДатаКонца=29.06.2018
РасчСчет=KZ123456789012345678
СекцияРасчСчет
ДатаНачала=29.06.2018
ДатаКонца=29.06.2018
РасчСчет=KZ123456789012345678
НачальныйОстаток=10002.00
ВсегоПоступило=0
ВсегоСписано=0
КонечныйОстаток=10002.00
КонецРасчСчет
СекцияДокумент=Выписка
ВидДокумента=ПлатежноеПоручение
ДатаОперации=29.06.2018
СуммаПриход=0.00
СуммаРасход=0.00
СекцияДокумент=ПлатежноеПоручение
НомерДокумента=113
ДатаДокумента=29.06.2018
ПлательщикНаименование=www www www
ПлательщикБИН_ИИН=118111111
ПлательщикКБЕ=17
ПлательщикИИК=KZ123456789012345638
ПлательщикБанкНаименование=wwwwwwwwww
ПлательщикБанкБИК=666666666
ПолучательНаименование=www www www
ПолучательБИН_ИИН=118111111
ПолучательКБЕ=17
ПолучательИИК=KZ123456789012345678
ПолучательБанкНаименование=wwwwwwwwww
ПолучательБанкБИК=666666666
НазначениеПлатежа=005665e1-81b0-498b-997f-d8c97d879462
ДатаВалютирования=29.06.2018
Сумма=0.00
ГлавныйБухгалтер=Не предусмотрен
Руководитель=Сулейменов Н.К.
КодНазначениеПлатежа=342
КонецДокумента
КонецФайла