0000 01INGBNL2AXXXX00002
0000 01INGBNL2AXXXX00002
940 00
:20:TLLB051418425340
:25:CH5208387000001180377EUR
:28C:93
:60F:C200513EUR11416,61
:61:200514C1192766,30NTRF0119552414000029//EINN51407944232
PRICELINE GROUP TREASURY COMPANYB.
:86:123/qwe/INV
/123/INV/123
/ULTD/qqq
:61:200514C1192766,30NTRF0119552414000029//EINN51407944232
PRICELINE GROUP TREASURY COMPANYB.
:86:zzzzzzzzzz
:62F:C200514EUR1241126,17
:64:C200514EUR1241126,17
:65:C200515EUR1241126,17
:65:C200516EUR1241126,17
:86:D000000C000007D0,00C1229709,56
-XXX
