:20:STMT20180816
:25:40702978000001005379
:28C:10227
:60F:C180815EUR0,00
:61:180815DR7000,00NTRF //74628
:86:~01adjust GmbH Saarbrucker Str.38a 10405 Berlin~02~03DE7287070024
07419781~04~05DB PRIVAT-UND FIRMENKUNDENBANK AG (FORMERLY DEUTSCH
E BANK PGK AG)~06Payment to invoice DE201807622 dd26 .07.2018~11~
1320180815~1520180815~1705~1817~1900
:61:180815CR7000,00NTRF //15082
:86:~01Яндекс.Вертикали ООО~027704340327~0340702810100001005379~04ING
BRUMM~05ИНГ БАНК (ЕВРАЗИЯ) АО~06Покупка/продажа валюты по заявке 
№ 15082(15082).~1130101810500000000222~1320180815~1520180815~1705
~1801~1900
:62F:C180815EUR0,00
:64:C180815EUR0,00
:86:NAME ACCOUNT OWNER:Yandex.Classifieds LLC
ACCOUNT DESCRIPTION:  CURR
-


:20:STMT20180816
:25:40702978600091005378
:28C:10227
:60F:C180815EUR235,35
:61:180815DR235,35NTRF //93
:86:~01Яндекс.Такси ООО~027704340310~0340702978700001005378~04INGBRUM
M~05ИНГ БАНК (ЕВРАЗИЯ) АО~06Перевод на текущий счет согласно пору
чению на обязательную продажу валютной выручки со ставкой 0%~11~1
320180815~1520180815~1705~1801~1900
:62F:C180815EUR0,00
:64:C180815EUR0,00
:86:NAME ACCOUNT OWNER:Yandex.Taxi LLC
ACCOUNT DESCRIPTION:  CURR
-


:20:STMT20180816
:25:40702978600091005527
:28C:10227
:60F:C180815EUR0,00
:62F:C180815EUR0,00
:64:C180815EUR0,00
:86:NAME ACCOUNT OWNER:Yandex.Technologies LLC
ACCOUNT DESCRIPTION:  CURR
-


:20:STMT20180816
:25:40702978600091005530
:28C:10227
:60F:C180815EUR0,00
:62F:C180815EUR0,00
:64:C180815EUR0,00
:86:NAME ACCOUNT OWNER:Yandex.Medialab LLC
ACCOUNT DESCRIPTION:  CURR
-


:20:STMT20180816
:25:40702978700001005378
:28C:10227
:60F:C180815EUR0,00
:61:180815CR235,35NTRF //93
:86:~01Яндекс.Такси ООО~027704340310~0340702978600091005378~04INGBRUM
M~05ИНГ БАНК (ЕВРАЗИЯ) АО~06Перевод на текущий счет согласно пору
чению на обязательную продажу валютной выручки со ставкой 0%~11~1
320180815~1520180815~1705~1801~1900
:62F:C180815EUR235,35
:64:C180815EUR235,35
:86:NAME ACCOUNT OWNER:Yandex.Taxi LLC
ACCOUNT DESCRIPTION:  CURR
-


