:20:STMT20180629
:25:40702810300001003838
:28C:10022
C180628RUB8616,00
:61:180628CB2,00NTRF //11
:86:~01www www www~02118111111~0366666666666666666666
~04666666666~05wwwwwwwwww~06wwwwwwwww
~1166666666666666666666~1320180628~1520180628~1705~1801~1900
:62F:C180628RUB8618,00
:64:C180628RUB8618,00
:86:NAME ACCOUNT OWNER:wwwww
ACCOUNT DESCRIPTION:  CURR
-
