:20:STMT20200218
:25:91470040/8229450710
:28C:00019/00001
:60F:C200214EUR0,00
:62F:C200217EUR0,00
:64:C200217EUR0,00
:86:NAME ACCOUNT OWNER:YANDEX.GO SRL
ACCOUNT DESCRIPTION:  CURR
IBAN NO : RO28INGB5001008229450710


:20:STMT20200218
:25:91470040/8229454010
:28C:00019/00001
:60F:C200214USD999960,00
:61:200217DD100,00NFEX34682992//FX05221073-1
:86:110~20DEAL DATE: 17 FEB 20       ~21VALUE DATE: 17 FEB 20      ~
22AMOUNT BOUGHT:             ~23USD 100000,00              ~
24AMOUNT SOLD:               ~25RON 430550,00              ~
26EXCHANGE RATE: 4,305500000 ~27FX/SCHIMB VALUTAR          ~
28YANDEX.GO SRL              ~29ROMANIA BD VASILE MILEA NR ~
60                           ~
:62F:C200217USD899960,00
:64:C200217USD899960,00
:86:NAME ACCOUNT OWNER:YANDEX.GO SRL
ACCOUNT DESCRIPTION:  CURR
IBAN NO : RO71INGB5001008229454010


:20:STMT20200218
:25:91470040/8229457710
:28C:00019/00001
:60F:C200214RUB0,00
:62F:C200217RUB0,00
:64:C200217RUB0,00
:86:NAME ACCOUNT OWNER:YANDEX.GO SRL
ACCOUNT DESCRIPTION:  CURR
IBAN NO : RO81INGB5001008229457710


:20:STMT20200218
:25:91470040/8229458910
:28C:00019/00001
:60F:C200214RON126462,20
:61:200217DN595,69NTRFIBBK141//PA52002173-17125
:86:110~20AMT SNT RON 28594,18       ~21CHARGES RON 1,51           ~
22                           ~32VH GLOBAL ENTERPRISE SRL FI~33.
                        ~31RO06BTRLRONCRT0466124901   ~23BANCA TR
ANSILVANIA S.A.    ~25PAYMENT UNDER AGREEMENT 272~26723/19 28594.
18RON         ~27                .          ~28
         ~29                           ~60     ~61              ~
:61:200217DN23984,55NTRFIBBK105//PA42002173-17174
:86:110~20AMT SNT RON 23983,04       ~21CHARGES RON 1,51           ~
22                           ~32ANDUSTAR TRANS SRL         ~33.
                        ~31RO15RZBR0000060020016946   ~23RAIFFEIS
EN BANK S.A.       ~25PAYMENT UNDER AGREEMENT 272~26823/19 23254.
42RON, PAYMENT~27 UNDER AGREEMENTOF-272823/1~289 728.62RON
         ~29                           ~60     ~61              ~
:61:200217DN21547,89NTRFIBBK112//PA82002173-17168
:86:110~20AMT SNT RON 21547,89       ~21                           ~
22                           ~32ODB BUSINESS SOLUTIONS SRL ~33RO8
8INGB0000999908354810   ~31RO88INGB0000999908354810   ~23ING BANK
 N.V., BUCHAREST BR~25PAYMENT UNDER AGREEMENT 273~26462/19 21084.
13RON, PAYMENT~27 UNDER AGREEMENTOF-273462/1~289 463.76RON
         ~29                           ~60     ~61              ~
:62M:C200217RON52334,07


:20:STMT20200218
:25:91470040/8229458910
:28C:00019/00023
:60M:D200217RON275757,45
:61:200217DN1060,79NTRFFTP_ATLAS_//PA02002173-17190
:86:110~20AMT SNT RON 1059,28        ~21CHARGES RON 1,51           ~
22                           ~32SVP DRIVE RIDESHARING SRL  ~33.
                        ~31RO63BTRLRONCRT0529858501   ~23BANCA TR
ANSILVANIA S.A.    ~25PAYMENT UNDER AGREEMENT 437~26354/19 1049.0
2RON, PAYMENT ~27UNDER AGREEMENT OF-437354/1~289 10.26RON
         ~29                           ~60     ~61              ~
:61:200217DN1009,53NTRFIBBK121//PA82002173-17178
:86:110~20AMT SNT RON 1009,53        ~21                           ~
22                           ~32ISA SRL                    ~33RO3
4INGB0000999909557418   ~31RO34INGB0000999909557418   ~23ING BANK
 N.V., BUCHAREST BR~25PAYMENT UNDER AGREEMENT 373~26178/19 1004.7
3RON, PAYMENT ~27UNDER AGREEMENT OF-373178/1~289 4.80RON
         ~29                           ~60     ~61              ~
:61:200217CN430550,00NFEX34682992//FX05221073-2
:86:110~20DEAL DATE: 17 FEB 20       ~21VALUE DATE: 17 FEB 20      ~
22AMOUNT BOUGHT:             ~23USD 100000,00              ~
24AMOUNT SOLD:               ~25RON 430550,00              ~
26EXCHANGE RATE: 4,305500000 ~27FX/SCHIMB VALUTAR          ~
28YANDEX.GO SRL              ~29ROMANIA BD VASILE MILEA NR ~
60                           ~
:62F:C200217RON508813,75
:64:C200217RON508813,75
:86:NAME ACCOUNT OWNER:YANDEX.GO SRL
ACCOUNT DESCRIPTION:  CURR
IBAN NO : RO79INGB5001008229458910


