0000 01INGBNL2AXXXX00001
0000 01INGBNL2AXXXX00001
940 00
:20:ING
NL35INGB0650977351EUR
:28C:159
:60F:C180628EUR10000,00
:61:180628C2,00NTRF11//72270800171081
/TRCD/00100//OCMT/R2,00/
:86:/EREF/btzMPiDR110820170426575341//CNTP//
66666666666666666666/wwwwwwwwwwwww www www///RE
MI/USTD//wwwwwwwww/
:62F:C180628EUR10002,00
:64:C180628EUR10002,00
:65:C180628EUR10002,00
:65:C180628EUR10002,00
:86:D000007C000006D0,00C2,00
-XXX
