:20:STMT20170130
:25:40702810300001005386
:28C:10027
:60F:C170127RUB8291733,87
:61:170127DB24,00NTRF //Некийтекст
:86:~01ИНГ БАНК (ЕВРАЗИЯ) АО~027712014310~0370601810219332720233~0404
4525222~05ИНГ БАНК (ЕВРАЗИЯ) АКЦИОНЕРНОЕ ОБЩЕСТВО~06Комиссия за п
роведение 2 платежных документов за 27-01-2017 НДС не облагается.
~1130101810500000000222~1320170127~1520170127~1705~1817~1900
:61:170127DB12470,02NTRF //1005386
:86:~06Перечисление средств на счета сотрудников компании согласно ре
естру платежей~1801
:62F:C170127RUB8279239,85
:64:C170127RUB8279239,85
:86:NAME ACCOUNT OWNER:Yandex.Market Lab LLC
ACCOUNT DESCRIPTION:  CURR
-


