<?xml version="1.0" encoding="UTF-8" ?><Document xmlns="urn:iso:std:iso:20022:tech:xsd:pain.001.001.03" xmlns:xsi="http://www.w3.org/2001/XMLSchema-instance"><CstmrCdtTrfInitn><GrpHdr><NbOfTxs>1</NbOfTxs><CtrlSum>152.00</CtrlSum><InitgPty><Nm>Yandex N.V.</Nm></InitgPty></GrpHdr><PmtInf><PmtInfId>1</PmtInfId><PmtMtd>TRF</PmtMtd><BtchBookg>false</BtchBookg><PmtTpInf><SvcLvl><prtry>RO-LCY</prtry></SvcLvl></PmtTpInf><ReqdExctnDt>2020-02-11</ReqdExctnDt><Dbtr><Nm>from name</Nm><PstlAdr><Ctry>RO</Ctry></PstlAdr></Dbtr><DbtrAcct><Id><IBAN>RO79INGB5001008229458910</IBAN></Id><Ccy>RUB</Ccy></DbtrAcct><DbtrAgt><FinInstnId><BIC>INGBROBU</BIC><PstlAdr><Ctry>RO</Ctry></PstlAdr></FinInstnId></DbtrAgt><ChrgBr>DEBT</ChrgBr><CdtTrfTxInf><PmtId><InstrId>1</InstrId><EndToEndId>1</EndToEndId></PmtId><Amt><InstdAmt Ccy="RUB">152.00</InstdAmt></Amt><CdtrAgt><FinInstnId><BIC>RNCBROBUXXX</BIC><Nm>Test bankname</Nm><PstlAdr><Ctry>RO</Ctry></PstlAdr></FinInstnId></CdtrAgt><Cdtr><Nm>test name</Nm><PstlAdr><TwnNm>BUCHAREST</TwnNm><Ctry>RO</Ctry><AdrLine> JUD. ILFOV, SAT DOMNESTI COM. DOMNESTI, DOMNESTI, NR.1373, PARTER, CA</AdrLine><AdrLine>MERA 1</AdrLine></PstlAdr></Cdtr><CdtrAcct><Id><IBAN>RO20BREL0002001547100100</IBAN></Id></CdtrAcct><RmtInf><Ustrd>{VO 22534} purpose</Ustrd></RmtInf></CdtTrfTxInf></PmtInf></CstmrCdtTrfInitn></Document>