<?xml version="1.0" encoding="UTF-8"?>
<Document xmlns="urn:iso:std:iso:20022:tech:xsd:camt.053.001.02" xmlns:xsi="http://www.w3.org/2001/XMLSchema-instance">
	<BkToCstmrStmt>
		<GrpHdr>
			<MsgId>NDM_3756733437629294485.tmp</MsgId>
			<CreDtTm>2019-06-13T15:21:22.0Z</CreDtTm>
			<MsgRcpt>
				<Id>
					<OrgId>
						<Othr>
							<Id>9068827</Id>
						</Othr>
					</OrgId>
				</Id>
			</MsgRcpt>
			<AddtlInf>Report Map = PRIOR DAY BALTRAN CUMULATIVE</AddtlInf>
		</GrpHdr>
		<Stmt>
			<Id>9-06-13T11:21:221086411016770018ILS</Id>
			<ElctrncSeqNb>0</ElctrncSeqNb>
			<CreDtTm>2019-06-13T15:21:22.0Z</CreDtTm>
			<Acct>
				<Id>
					<Othr>
						<Id>1086411016770018ILS</Id>
					</Othr>
				</Id>
				<Ccy>ILS</Ccy>
				<Nm>Yandex Leumi ILS</Nm>
				<Svcr>
					<FinInstnId>
						<BIC>LUMIILITBSC</BIC>
						<Nm>LEUMI</Nm>
					</FinInstnId>
					<BrnchId>
						<Id>BSC</Id>
					</BrnchId>
				</Svcr>
			</Acct>
			<Bal>
				<Tp>
					<CdOrPrtry>
						<Cd>OPBD</Cd>
					</CdOrPrtry>
				</Tp>
				<Amt Ccy="ILS">218828.19</Amt>
				<CdtDbtInd>CRDT</CdtDbtInd>
				<Dt>
					<Dt>2019-05-20</Dt>
				</Dt>
			</Bal>
			<Bal>
				<Tp>
					<CdOrPrtry>
						<Cd>CLBD</Cd>
					</CdOrPrtry>
				</Tp>
				<Amt Ccy="ILS">210439.19</Amt>
				<CdtDbtInd>CRDT</CdtDbtInd>
				<Dt>
					<Dt>2019-05-20</Dt>
				</Dt>
			</Bal>
			<Bal>
				<Tp>
					<CdOrPrtry>
						<Cd>OPAV</Cd>
					</CdOrPrtry>
				</Tp>
				<Amt Ccy="ILS">0.00</Amt>
				<CdtDbtInd>CRDT</CdtDbtInd>
				<Dt>
					<Dt>2019-05-20</Dt>
				</Dt>
			</Bal>
			<TxsSummry>
				<TtlNtries>
					<NbOfNtries>0</NbOfNtries>
					<Sum>0.00</Sum>
					<TtlNetNtryAmt>0.00</TtlNetNtryAmt>
					<CdtDbtInd>CRDT</CdtDbtInd>
				</TtlNtries>
				<TtlCdtNtries>
					<NbOfNtries>0</NbOfNtries>
					<Sum>0.00</Sum>
				</TtlCdtNtries>
				<TtlDbtNtries>
					<NbOfNtries>0</NbOfNtries>
					<Sum>0.00</Sum>
				</TtlDbtNtries>
			</TxsSummry>
			<Ntry>
				<NtryRef>2405773227828952</NtryRef>
				<Amt Ccy="ILS">6975.00</Amt>
				<CdtDbtInd>DBIT</CdtDbtInd>
				<Sts>BOOK</Sts>
				<BookgDt>
					<Dt>2019-05-20</Dt>
				</BookgDt>
				<ValDt>
					<Dt>2019-05-20</Dt>
				</ValDt>
				<Avlbty>
					<Dt>
						<NbOfDays>0</NbOfDays>
					</Dt>
					<Amt Ccy="ILS">6975.00</Amt>
					<CdtDbtInd>DBIT</CdtDbtInd>
				</Avlbty>
				<BkTxCd>
					<Domn>
						<Cd>PMNT</Cd>
						<Fmly>
							<Cd>ICDT</Cd>
							<SubFmlyCd>DMCT</SubFmlyCd>
						</Fmly>
					</Domn>
					<Prtry>
						<Cd>495</Cd>
						<Issr>BAI</Issr>
					</Prtry>
				</BkTxCd>
				<AmtDtls>
					<TxAmt>
						<Amt Ccy="ILS">6975.00</Amt>
					</TxAmt>
				</AmtDtls>
				<NtryDtls>
					<TxDtls>
						<Refs>
							<EndToEndId>30903</EndToEndId>
						</Refs>
						<AmtDtls>
							<TxAmt>
								<Amt Ccy="ILS">6975.00</Amt>
							</TxAmt>
						</AmtDtls>
						<Avlbty>
							<Dt>
								<NbOfDays>0</NbOfDays>
							</Dt>
							<Amt Ccy="ILS">6975.00</Amt>
							<CdtDbtInd>DBIT</CdtDbtInd>
						</Avlbty>
                        <RltdPties>
                            <UltmtDbtr>
                                <Nm>test2</Nm>
                            </UltmtDbtr>
                            <Cdtr>
                                <Nm>test3</Nm>
                            </Cdtr>
                        </RltdPties>
						<RmtInf>
							<Ustrd>REMARK=INTERNET</Ustrd>
						</RmtInf>
					</TxDtls>
				</NtryDtls>
			</Ntry>
			<Ntry>
				<NtryRef>2405773222828952</NtryRef>
				<Amt Ccy="ILS">1414.00</Amt>
				<CdtDbtInd>DBIT</CdtDbtInd>
				<Sts>BOOK</Sts>
				<BookgDt>
					<Dt>2019-05-20</Dt>
				</BookgDt>
				<ValDt>
					<Dt>2019-05-20</Dt>
				</ValDt>
				<Avlbty>
					<Dt>
						<NbOfDays>0</NbOfDays>
					</Dt>
					<Amt Ccy="ILS">1414.00</Amt>
					<CdtDbtInd>DBIT</CdtDbtInd>
				</Avlbty>
				<BkTxCd>
					<Domn>
						<Cd>PMNT</Cd>
						<Fmly>
							<Cd>ICDT</Cd>
							<SubFmlyCd>DMCT</SubFmlyCd>
						</Fmly>
					</Domn>
					<Prtry>
						<Cd>495</Cd>
						<Issr>BAI</Issr>
					</Prtry>
				</BkTxCd>
				<AmtDtls>
					<TxAmt>
						<Amt Ccy="ILS">1414.00</Amt>
					</TxAmt>
				</AmtDtls>
				<NtryDtls>
					<TxDtls>
						<Refs>
							<EndToEndId>PM6785309</EndToEndId>
						</Refs>
						<AmtDtls>
							<TxAmt>
								<Amt Ccy="ILS">1414.00</Amt>
							</TxAmt>
						</AmtDtls>
						<Avlbty>
							<Dt>
								<NbOfDays>0</NbOfDays>
							</Dt>
							<Amt Ccy="ILS">1414.00</Amt>
							<CdtDbtInd>DBIT</CdtDbtInd>
						</Avlbty>
						<RmtInf>
							<Ustrd>REMARK=TRANSFER</Ustrd>
							<Ustrd>EMI/PAY(5969255)PAYMENT OF INVOIC 263. DD 01.04.2019</Ustrd>
						</RmtInf>
					</TxDtls>
				</NtryDtls>
			</Ntry>
		</Stmt>
	</BkToCstmrStmt>
</Document>
