<?xml version="1.0" encoding="UTF-8"?>
<Document xmlns="urn:iso:std:iso:20022:tech:xsd:camt.053.001.02" xmlns:xsi="http://www.w3.org/2001/XMLSchema-instance">
<BkToCstmrStmt><GrpHdr>
  <MsgId>1_531909168_7055048861028280134.tmp</MsgId>
  <CreDtTm>2017-12-04T15:15:08.0Z</CreDtTm>
  <MsgRcpt>
    <Id>
      <OrgId>
        <Othr>
          <Id>T0000791</Id>
        </Othr>
      </OrgId>
    </Id>
  </MsgRcpt>
  <AddtlInf>Report Type = PRIOR DAY BALTRAN INCREMENTAL</AddtlInf>
</GrpHdr><Stmt>
  <Id>2017-12-04T10:15:086550031620</Id>
  <ElctrncSeqNb>7</ElctrncSeqNb>
  <CreDtTm>2017-12-04T15:15:08.0Z</CreDtTm>
  <Acct>
    <Id>
      <Othr>
        <Id>6550031620</Id>
      </Othr>
    </Id>
    <Ccy>USD</Ccy>
    <Nm>Yandex NV</Nm>
    <Svcr>
      <FinInstnId>
        <BIC>CHASLULXXXX</BIC>
        <Nm>JPMORGAN BANK LUXEMBOURG S.A</Nm>
      </FinInstnId>
    </Svcr>
  </Acct>
  <Bal>
    <Tp>
      <CdOrPrtry>
        <Cd>OPBD</Cd>
      </CdOrPrtry>
    </Tp>
    <Amt Ccy="USD">0.00</Amt>
    <CdtDbtInd>CRDT</CdtDbtInd>
    <Dt>
      <Dt>2017-12-01</Dt>
    </Dt>
  </Bal>
  <Bal>
    <Tp>
      <CdOrPrtry>
        <Cd>CLBD</Cd>
      </CdOrPrtry>
    </Tp>
    <Amt Ccy="USD">0.00</Amt>
    <CdtDbtInd>CRDT</CdtDbtInd>
    <Dt>
      <Dt>2017-12-01</Dt>
    </Dt>
    <Avlbty>
      <Dt>
        <NbOfDays>0</NbOfDays>
      </Dt>
      <Amt Ccy="USD">0.00</Amt>
      <CdtDbtInd>CRDT</CdtDbtInd>
    </Avlbty>
    <Avlbty>
      <Dt>
        <NbOfDays>1</NbOfDays>
      </Dt>
      <Amt Ccy="USD">0.00</Amt>
      <CdtDbtInd>CRDT</CdtDbtInd>
    </Avlbty>
    <Avlbty>
      <Dt>
        <NbOfDays>+2</NbOfDays>
      </Dt>
      <Amt Ccy="USD">0.00</Amt>
      <CdtDbtInd>CRDT</CdtDbtInd>
    </Avlbty>
  </Bal>
  <Bal>
    <Tp>
      <CdOrPrtry>
        <Cd>FWAV</Cd>
      </CdOrPrtry>
    </Tp>
    <Amt Ccy="USD">0.00</Amt>
    <CdtDbtInd>CRDT</CdtDbtInd>
    <Dt>
      <Dt>2017-12-02</Dt>
    </Dt>
  </Bal>
  <Bal>
    <Tp>
      <CdOrPrtry>
        <Cd>CLAV</Cd>
      </CdOrPrtry>
    </Tp>
    <Amt Ccy="USD">0.00</Amt>
    <CdtDbtInd>CRDT</CdtDbtInd>
    <Dt>
      <Dt>2017-12-01</Dt>
    </Dt>
  </Bal>
  <TxsSummry>
    <TtlNtries>
      <NbOfNtries>0</NbOfNtries>
      <Sum>0.00</Sum>
      <TtlNetNtryAmt>0.00</TtlNetNtryAmt>
      <CdtDbtInd>CRDT</CdtDbtInd>
    </TtlNtries>
    <TtlCdtNtries>
      <NbOfNtries>0</NbOfNtries>
      <Sum>0.00</Sum>
    </TtlCdtNtries>
    <TtlDbtNtries>
      <NbOfNtries>0</NbOfNtries>
      <Sum>0.00</Sum>
    </TtlDbtNtries>
  </TxsSummry>
</Stmt>
<Stmt>
  <Id>2017-12-04T10:15:086550031621</Id>
  <ElctrncSeqNb>7</ElctrncSeqNb>
  <CreDtTm>2017-12-04T15:15:08.0Z</CreDtTm>
  <Acct>
    <Id>
      <Othr>
        <Id>6550031621</Id>
      </Othr>
    </Id>
    <Ccy>EUR</Ccy>
    <Nm>Yandex NV</Nm>
    <Svcr>
      <FinInstnId>
        <BIC>CHASLULXXXX</BIC>
        <Nm>JPMORGAN BANK LUXEMBOURG S.A</Nm>
      </FinInstnId>
    </Svcr>
  </Acct>
  <Bal>
    <Tp>
      <CdOrPrtry>
        <Cd>OPBD</Cd>
      </CdOrPrtry>
    </Tp>
    <Amt Ccy="EUR">2.00</Amt>
    <CdtDbtInd>DBIT</CdtDbtInd>
    <Dt>
      <Dt>2017-12-01</Dt>
    </Dt>
  </Bal>
  <Bal>
    <Tp>
      <CdOrPrtry>
        <Cd>CLBD</Cd>
      </CdOrPrtry>
    </Tp>
    <Amt Ccy="EUR">5.00</Amt>
    <CdtDbtInd>DBIT</CdtDbtInd>
    <Dt>
      <Dt>2017-12-01</Dt>
    </Dt>
    <Avlbty>
      <Dt>
        <NbOfDays>0</NbOfDays>
      </Dt>
      <Amt Ccy="EUR">5.00</Amt>
      <CdtDbtInd>DBIT</CdtDbtInd>
    </Avlbty>
    <Avlbty>
      <Dt>
        <NbOfDays>1</NbOfDays>
      </Dt>
      <Amt Ccy="EUR">0.00</Amt>
      <CdtDbtInd>CRDT</CdtDbtInd>
    </Avlbty>
    <Avlbty>
      <Dt>
        <NbOfDays>+2</NbOfDays>
      </Dt>
      <Amt Ccy="EUR">0.00</Amt>
      <CdtDbtInd>CRDT</CdtDbtInd>
    </Avlbty>
  </Bal>
  <Bal>
    <Tp>
      <CdOrPrtry>
        <Cd>FWAV</Cd>
      </CdOrPrtry>
    </Tp>
    <Amt Ccy="EUR">5.00</Amt>
    <CdtDbtInd>DBIT</CdtDbtInd>
    <Dt>
      <Dt>2017-12-02</Dt>
    </Dt>
  </Bal>
  <Bal>
    <Tp>
      <CdOrPrtry>
        <Cd>CLAV</Cd>
      </CdOrPrtry>
    </Tp>
    <Amt Ccy="EUR">5.00</Amt>
    <CdtDbtInd>DBIT</CdtDbtInd>
    <Dt>
      <Dt>2017-12-01</Dt>
    </Dt>
  </Bal>
  <TxsSummry>
    <TtlNtries>
      <NbOfNtries>2</NbOfNtries>
      <Sum>3.00</Sum>
      <TtlNetNtryAmt>3.00</TtlNetNtryAmt>
      <CdtDbtInd>DBIT</CdtDbtInd>
    </TtlNtries>
    <TtlCdtNtries>
      <NbOfNtries>0</NbOfNtries>
      <Sum>0.00</Sum>
    </TtlCdtNtries>
    <TtlDbtNtries>
      <NbOfNtries>2</NbOfNtries>
      <Sum>3.00</Sum>
    </TtlDbtNtries>
    <TtlNtriesPerBkTxCd>
      <NbOfNtries>2</NbOfNtries>
      <Sum>3.00</Sum>
      <CdtDbtInd>DBIT</CdtDbtInd>
    </TtlNtriesPerBkTxCd>
  </TxsSummry>
  <Ntry>
    <NtryRef>12704712</NtryRef>
    <Amt Ccy="EUR">2.00</Amt>
    <CdtDbtInd>DBIT</CdtDbtInd>
    <Sts>BOOK</Sts>
    <BookgDt>
      <Dt>2017-12-01</Dt>
    </BookgDt>
    <ValDt>
      <Dt>2017-12-01</Dt>
    </ValDt>
    <AcctSvcrRef>2SM0JKJZ</AcctSvcrRef>
    <Avlbty>
      <Dt>
        <NbOfDays>0</NbOfDays>
      </Dt>
      <Amt Ccy="EUR">2.00</Amt>
      <CdtDbtInd>DBIT</CdtDbtInd>
    </Avlbty>
    <BkTxCd>
      <Domn>
        <Cd>PMNT</Cd>
        <Fmly>
          <Cd>ICDT</Cd>
          <SubFmlyCd>ATXN</SubFmlyCd>
        </Fmly>
      </Domn>
      <Prtry>
        <Cd>469</Cd>
        <Issr>BAI</Issr>
      </Prtry>
    </BkTxCd>
    <AmtDtls>
      <TxAmt>
        <Amt Ccy="EUR">2.00</Amt>
      </TxAmt>
    </AmtDtls>
    <NtryDtls>
      <TxDtls>
        <Refs>
          <AcctSvcrRef>2SM0JKJZ</AcctSvcrRef>
          <EndToEndId>4401.1</EndToEndId>
        </Refs>
        <AmtDtls>
          <TxAmt>
            <Amt Ccy="EUR">2.00</Amt>
          </TxAmt>
        </AmtDtls>
        <Avlbty>
          <Dt>
            <NbOfDays>0</NbOfDays>
          </Dt>
          <Amt Ccy="EUR">2.00</Amt>
          <CdtDbtInd>DBIT</CdtDbtInd>
        </Avlbty>
        <RmtInf>
          <Ustrd>YOUR REF=4401.1/B/O CUSTOMER=LU370670006550031621 YANDEX N.V. S CHIPHOL BOULEVARD 165SCHIPHOLSCHIPH OL/PAID TO=JPMC IACH/BENEFICIARY=JPMC IA</Ustrd>
          <Ustrd>CH/REC FROM=LU370670006550031621 YANDEX N.V. SCHIPHOL BOULEVARD 165 SCHIPHOLSCHIPHOL/REMARK=/REMI/SETTLEMENT IACH FILE CO ID.9692940 IACH BA</Ustrd>
          <Ustrd>TCH 2SMEU0JKJZ MASS PAYMENT BATCH</Ustrd>
        </RmtInf>
      </TxDtls>
    </NtryDtls>
  </Ntry>
  <Ntry>
    <NtryRef>12704711</NtryRef>
    <Amt Ccy="EUR">1.00</Amt>
    <CdtDbtInd>DBIT</CdtDbtInd>
    <Sts>BOOK</Sts>
    <BookgDt>
      <Dt>2017-12-01</Dt>
    </BookgDt>
    <ValDt>
      <Dt>2017-12-01</Dt>
    </ValDt>
    <AcctSvcrRef>2SM0JKK2</AcctSvcrRef>
    <Avlbty>
      <Dt>
        <NbOfDays>0</NbOfDays>
      </Dt>
      <Amt Ccy="EUR">1.00</Amt>
      <CdtDbtInd>DBIT</CdtDbtInd>
    </Avlbty>
    <BkTxCd>
      <Domn>
        <Cd>PMNT</Cd>
        <Fmly>
          <Cd>ICDT</Cd>
          <SubFmlyCd>ATXN</SubFmlyCd>
        </Fmly>
      </Domn>
      <Prtry>
        <Cd>469</Cd>
        <Issr>BAI</Issr>
      </Prtry>
    </BkTxCd>
    <AmtDtls>
      <TxAmt>
        <Amt Ccy="EUR">1.00</Amt>
      </TxAmt>
    </AmtDtls>
    <NtryDtls>
      <TxDtls>
        <Refs>
          <AcctSvcrRef>2SM0JKK2</AcctSvcrRef>
          <EndToEndId>6259.1</EndToEndId>
        </Refs>
        <AmtDtls>
          <TxAmt>
            <Amt Ccy="EUR">1.00</Amt>
          </TxAmt>
        </AmtDtls>
        <Avlbty>
          <Dt>
            <NbOfDays>0</NbOfDays>
          </Dt>
          <Amt Ccy="EUR">1.00</Amt>
          <CdtDbtInd>DBIT</CdtDbtInd>
        </Avlbty>
        <RmtInf>
          <Ustrd>YOUR REF=6259.1/B/O CUSTOMER=LU370670006550031621 YANDEX N.V. S CHIPHOL BOULEVARD 165SCHIPHOLSCHIPH OL/PAID TO=JPMC IACH/BENEFICIARY=JPMC IA</Ustrd>
          <Ustrd>CH/REC FROM=LU370670006550031621 YANDEX N.V. SCHIPHOL BOULEVARD 165 SCHIPHOLSCHIPHOL/REMARK=/REMI/SETTLEMENT IACH FILE CO ID.9692940 IACH BA</Ustrd>
          <Ustrd>TCH 2SMEU0JKK2 MASS PAYMENT BATCH</Ustrd>
        </RmtInf>
      </TxDtls>
    </NtryDtls>
  </Ntry>
</Stmt>
<Stmt>
  <Id>2017-12-04T10:15:086550031623</Id>
  <ElctrncSeqNb>7</ElctrncSeqNb>
  <CreDtTm>2017-12-04T15:15:08.0Z</CreDtTm>
  <Acct>
    <Id>
      <Othr>
        <Id>6550031623</Id>
      </Othr>
    </Id>
    <Ccy>RUB</Ccy>
    <Nm>Yandex NV</Nm>
    <Svcr>
      <FinInstnId>
        <BIC>CHASLULXXXX</BIC>
        <Nm>JPMORGAN BANK LUXEMBOURG S.A</Nm>
      </FinInstnId>
    </Svcr>
  </Acct>
  <Bal>
    <Tp>
      <CdOrPrtry>
        <Cd>OPBD</Cd>
      </CdOrPrtry>
    </Tp>
    <Amt Ccy="RUB">0.00</Amt>
    <CdtDbtInd>CRDT</CdtDbtInd>
    <Dt>
      <Dt>2017-12-01</Dt>
    </Dt>
  </Bal>
  <Bal>
    <Tp>
      <CdOrPrtry>
        <Cd>CLBD</Cd>
      </CdOrPrtry>
    </Tp>
    <Amt Ccy="RUB">0.00</Amt>
    <CdtDbtInd>CRDT</CdtDbtInd>
    <Dt>
      <Dt>2017-12-01</Dt>
    </Dt>
    <Avlbty>
      <Dt>
        <NbOfDays>0</NbOfDays>
      </Dt>
      <Amt Ccy="RUB">0.00</Amt>
      <CdtDbtInd>CRDT</CdtDbtInd>
    </Avlbty>
    <Avlbty>
      <Dt>
        <NbOfDays>1</NbOfDays>
      </Dt>
      <Amt Ccy="RUB">0.00</Amt>
      <CdtDbtInd>CRDT</CdtDbtInd>
    </Avlbty>
    <Avlbty>
      <Dt>
        <NbOfDays>+2</NbOfDays>
      </Dt>
      <Amt Ccy="RUB">0.00</Amt>
      <CdtDbtInd>CRDT</CdtDbtInd>
    </Avlbty>
  </Bal>
  <Bal>
    <Tp>
      <CdOrPrtry>
        <Cd>FWAV</Cd>
      </CdOrPrtry>
    </Tp>
    <Amt Ccy="RUB">0.00</Amt>
    <CdtDbtInd>CRDT</CdtDbtInd>
    <Dt>
      <Dt>2017-12-02</Dt>
    </Dt>
  </Bal>
  <Bal>
    <Tp>
      <CdOrPrtry>
        <Cd>CLAV</Cd>
      </CdOrPrtry>
    </Tp>
    <Amt Ccy="RUB">0.00</Amt>
    <CdtDbtInd>CRDT</CdtDbtInd>
    <Dt>
      <Dt>2017-12-01</Dt>
    </Dt>
  </Bal>
  <TxsSummry>
    <TtlNtries>
      <NbOfNtries>0</NbOfNtries>
      <Sum>0.00</Sum>
      <TtlNetNtryAmt>0.00</TtlNetNtryAmt>
      <CdtDbtInd>CRDT</CdtDbtInd>
    </TtlNtries>
    <TtlCdtNtries>
      <NbOfNtries>0</NbOfNtries>
      <Sum>0.00</Sum>
    </TtlCdtNtries>
    <TtlDbtNtries>
      <NbOfNtries>0</NbOfNtries>
      <Sum>0.00</Sum>
    </TtlDbtNtries>
  </TxsSummry>
</Stmt></BkToCstmrStmt>
</Document>
