<?xml version="1.0" encoding="UTF-8"?>
<Document xmlns="urn:iso:std:iso:20022:tech:xsd:camt.053.001.02" xmlns:xsi="http://www.w3.org/2001/XMLSchema-instance">
<BkToCstmrStmt><GrpHdr>
  <MsgId>_1573495255_7602274816849025259.tmp</MsgId>
  <CreDtTm>2020-10-26T00:10:21.0Z</CreDtTm>
  <MsgRcpt>
    <Id>
      <OrgId>
        <Othr>
          <Id>F0004813</Id>
        </Othr>
      </OrgId>
    </Id>
  </MsgRcpt>
  <AddtlInf>Report Type = PRIOR DAY BALTRAN INCREMENTAL</AddtlInf>
</GrpHdr><Stmt>
  <Id>0-10-25T20:10:211086411016770018ILS</Id>
  <ElctrncSeqNb>254</ElctrncSeqNb>
  <CreDtTm>2020-10-26T00:10:21.0Z</CreDtTm>
  <Acct>
    <Id>
      <Othr>
        <Id>1086411016770018ILS</Id>
      </Othr>
    </Id>
    <Ccy>ILS</Ccy>
    <Nm>Yandex Leumi ILS</Nm>
    <Svcr>
      <FinInstnId>
        <BIC>LUMIILITBSC</BIC>
        <Nm>LEUMI</Nm>
      </FinInstnId>
      <BrnchId>
        <Id>BSC</Id>
      </BrnchId>
    </Svcr>
  </Acct>
  <Bal>
    <Tp>
      <CdOrPrtry>
        <Cd>OPBD</Cd>
      </CdOrPrtry>
    </Tp>
    <Amt Ccy="ILS">871542.43</Amt>
    <CdtDbtInd>CRDT</CdtDbtInd>
    <Dt>
      <Dt>2020-10-25</Dt>
    </Dt>
  </Bal>
  <Bal>
    <Tp>
      <CdOrPrtry>
        <Cd>CLBD</Cd>
      </CdOrPrtry>
    </Tp>
    <Amt Ccy="ILS">1222738.86</Amt>
    <CdtDbtInd>CRDT</CdtDbtInd>
    <Dt>
      <Dt>2020-10-25</Dt>
    </Dt>
  </Bal>
  <Bal>
    <Tp>
      <CdOrPrtry>
        <Cd>OPBD</Cd>
      </CdOrPrtry>
    </Tp>
    <Amt Ccy="ILS">871542.43</Amt>
    <CdtDbtInd>CRDT</CdtDbtInd>
    <Dt>
      <Dt>2020-10-23</Dt>
    </Dt>
  </Bal>
  <Bal>
    <Tp>
      <CdOrPrtry>
        <Cd>CLBD</Cd>
      </CdOrPrtry>
    </Tp>
    <Amt Ccy="ILS">871542.43</Amt>
    <CdtDbtInd>CRDT</CdtDbtInd>
    <Dt>
      <Dt>2020-10-23</Dt>
    </Dt>
  </Bal>
  <TxsSummry>
    <TtlNtries>
      <NbOfNtries>1</NbOfNtries>
      <Sum>351196.43</Sum>
      <TtlNetNtryAmt>351196.43</TtlNetNtryAmt>
      <CdtDbtInd>CRDT</CdtDbtInd>
    </TtlNtries>
    <TtlCdtNtries>
      <NbOfNtries>1</NbOfNtries>
      <Sum>351196.43</Sum>
    </TtlCdtNtries>
    <TtlDbtNtries>
      <NbOfNtries>0</NbOfNtries>
      <Sum>0.00</Sum>
    </TtlDbtNtries>
    <TtlNtriesPerBkTxCd>
      <NbOfNtries>1</NbOfNtries>
      <Sum>718542.70</Sum>
      <CdtDbtInd>CRDT</CdtDbtInd>
      <BkTxCd>
        <Prtry>
          <Cd>190</Cd>
          <Issr>BAI</Issr>
        </Prtry>
      </BkTxCd>
    </TtlNtriesPerBkTxCd>
  </TxsSummry>
  <Ntry>
    <NtryRef>2919811297718731</NtryRef>
    <Amt Ccy="ILS">351196.43</Amt>
    <CdtDbtInd>CRDT</CdtDbtInd>
    <Sts>BOOK</Sts>
    <BookgDt>
      <Dt>2020-10-25</Dt>
    </BookgDt>
    <ValDt>
      <Dt>2020-10-25</Dt>
    </ValDt>
    <AcctSvcrRef>IDBLILIT</AcctSvcrRef>
    <Avlbty>
      <Dt>
        <NbOfDays>0</NbOfDays>
      </Dt>
      <Amt Ccy="ILS">351196.43</Amt>
      <CdtDbtInd>CRDT</CdtDbtInd>
    </Avlbty>
    <BkTxCd>
      <Domn>
        <Cd>PMNT</Cd>
        <Fmly>
          <Cd>RCDT</Cd>
          <SubFmlyCd>DMCT</SubFmlyCd>
        </Fmly>
      </Domn>
      <Prtry>
        <Cd>195</Cd>
        <Issr>BAI</Issr>
      </Prtry>
    </BkTxCd>
    <AmtDtls>
      <TxAmt>
        <Amt Ccy="ILS">351196.43</Amt>
      </TxAmt>
    </AmtDtls>
    <NtryDtls>
      <TxDtls>
        <Refs>
          <AcctSvcrRef>IDBLILIT</AcctSvcrRef>
          <EndToEndId>00000014885</EndToEndId>
        </Refs>
        <AmtDtls>
          <TxAmt>
            <Amt Ccy="ILS">351196.43</Amt>
          </TxAmt>
        </AmtDtls>
        <Avlbty>
          <Dt>
            <NbOfDays>0</NbOfDays>
          </Dt>
          <Amt Ccy="ILS">351196.43</Amt>
          <CdtDbtInd>CRDT</CdtDbtInd>
        </Avlbty>
        <RmtInf>
          <Ustrd>REMARK=BILLING BY IDBLILIT/ORDP/ACCW/1110131393</Ustrd>
        </RmtInf>
      </TxDtls>
    </NtryDtls>
  </Ntry>
</Stmt>
<Stmt>
  <Id>0-10-25T20:10:211086411019180026ILS</Id>
  <ElctrncSeqNb>254</ElctrncSeqNb>
  <CreDtTm>2020-10-26T00:10:21.0Z</CreDtTm>
  <Acct>
    <Id>
      <Othr>
        <Id>1086411019180026ILS</Id>
      </Othr>
    </Id>
    <Ccy>ILS</Ccy>
    <Nm>Yandex Leumi ILS 2</Nm>
    <Svcr>
      <FinInstnId>
        <BIC>LUMIILITBSC</BIC>
        <Nm>LEUMI</Nm>
      </FinInstnId>
      <BrnchId>
        <Id>BSC</Id>
      </BrnchId>
    </Svcr>
  </Acct>
  <Bal>
    <Tp>
      <CdOrPrtry>
        <Cd>OPBD</Cd>
      </CdOrPrtry>
    </Tp>
    <Amt Ccy="ILS">2138297.34</Amt>
    <CdtDbtInd>CRDT</CdtDbtInd>
    <Dt>
      <Dt>2020-10-25</Dt>
    </Dt>
  </Bal>
  <Bal>
    <Tp>
      <CdOrPrtry>
        <Cd>CLBD</Cd>
      </CdOrPrtry>
    </Tp>
    <Amt Ccy="ILS">2135511.62</Amt>
    <CdtDbtInd>CRDT</CdtDbtInd>
    <Dt>
      <Dt>2020-10-25</Dt>
    </Dt>
  </Bal>
  <Bal>
    <Tp>
      <CdOrPrtry>
        <Cd>OPBD</Cd>
      </CdOrPrtry>
    </Tp>
    <Amt Ccy="ILS">2103652.79</Amt>
    <CdtDbtInd>CRDT</CdtDbtInd>
    <Dt>
      <Dt>2020-10-23</Dt>
    </Dt>
  </Bal>
  <Bal>
    <Tp>
      <CdOrPrtry>
        <Cd>CLBD</Cd>
      </CdOrPrtry>
    </Tp>
    <Amt Ccy="ILS">2138297.34</Amt>
    <CdtDbtInd>CRDT</CdtDbtInd>
    <Dt>
      <Dt>2020-10-23</Dt>
    </Dt>
  </Bal>
  <TxsSummry>
    <TtlNtries>
      <NbOfNtries>2</NbOfNtries>
      <Sum>31858.83</Sum>
      <TtlNetNtryAmt>85329.61</TtlNetNtryAmt>
      <CdtDbtInd>CRDT</CdtDbtInd>
    </TtlNtries>
    <TtlCdtNtries>
      <NbOfNtries>1</NbOfNtries>
      <Sum>34644.55</Sum>
    </TtlCdtNtries>
    <TtlDbtNtries>
      <NbOfNtries>1</NbOfNtries>
      <Sum>2785.72</Sum>
    </TtlDbtNtries>
    <TtlNtriesPerBkTxCd>
      <NbOfNtries>1</NbOfNtries>
      <Sum>68.44</Sum>
      <CdtDbtInd>DBIT</CdtDbtInd>
      <BkTxCd>
        <Prtry>
          <Cd>510</Cd>
          <Issr>BAI</Issr>
        </Prtry>
      </BkTxCd>
    </TtlNtriesPerBkTxCd>
    <TtlNtriesPerBkTxCd>
      <NbOfNtries>5</NbOfNtries>
      <Sum>119905.72</Sum>
      <CdtDbtInd>DBIT</CdtDbtInd>
      <BkTxCd>
        <Prtry>
          <Cd>490</Cd>
          <Issr>BAI</Issr>
        </Prtry>
      </BkTxCd>
    </TtlNtriesPerBkTxCd>
    <TtlNtriesPerBkTxCd>
      <NbOfNtries>1</NbOfNtries>
      <Sum>34644.55</Sum>
      <CdtDbtInd>CRDT</CdtDbtInd>
      <BkTxCd>
        <Prtry>
          <Cd>190</Cd>
          <Issr>BAI</Issr>
        </Prtry>
      </BkTxCd>
    </TtlNtriesPerBkTxCd>
  </TxsSummry>
  <Ntry>
    <NtryRef>2919811297718733</NtryRef>
    <Amt Ccy="ILS">2785.72</Amt>
    <CdtDbtInd>DBIT</CdtDbtInd>
    <Sts>BOOK</Sts>
    <BookgDt>
      <Dt>2020-10-25</Dt>
    </BookgDt>
    <ValDt>
      <Dt>2020-10-25</Dt>
    </ValDt>
    <AcctSvcrRef>POALILIT</AcctSvcrRef>
    <Avlbty>
      <Dt>
        <NbOfDays>0</NbOfDays>
      </Dt>
      <Amt Ccy="ILS">2785.72</Amt>
      <CdtDbtInd>DBIT</CdtDbtInd>
    </Avlbty>
    <BkTxCd>
      <Domn>
        <Cd>PMNT</Cd>
        <Fmly>
          <Cd>ICDT</Cd>
          <SubFmlyCd>DMCT</SubFmlyCd>
        </Fmly>
      </Domn>
      <Prtry>
        <Cd>495</Cd>
        <Issr>BAI</Issr>
      </Prtry>
    </BkTxCd>
    <AmtDtls>
      <TxAmt>
        <Amt Ccy="ILS">2785.72</Amt>
      </TxAmt>
    </AmtDtls>
    <NtryDtls>
      <TxDtls>
        <Refs>
          <AcctSvcrRef>POALILIT</AcctSvcrRef>
          <EndToEndId>00000034464</EndToEndId>
        </Refs>
        <AmtDtls>
          <TxAmt>
            <Amt Ccy="ILS">2785.72</Amt>
          </TxAmt>
        </AmtDtls>
        <Avlbty>
          <Dt>
            <NbOfDays>0</NbOfDays>
          </Dt>
          <Amt Ccy="ILS">2785.72</Amt>
          <CdtDbtInd>DBIT</CdtDbtInd>
        </Avlbty>
        <RmtInf>
          <Ustrd>REMARK=BILLING BY POALILIT/BENM/ACCW/12600455177Leumicard ltd</Ustrd>
        </RmtInf>
      </TxDtls>
    </NtryDtls>
  </Ntry>
  <Ntry>
    <NtryRef>2919811297707972</NtryRef>
    <Amt Ccy="ILS">34644.55</Amt>
    <CdtDbtInd>CRDT</CdtDbtInd>
    <Sts>BOOK</Sts>
    <BookgDt>
      <Dt>2020-10-23</Dt>
    </BookgDt>
    <ValDt>
      <Dt>2020-10-23</Dt>
    </ValDt>
    <AcctSvcrRef>FIRBILIT</AcctSvcrRef>
    <Avlbty>
      <Dt>
        <NbOfDays>0</NbOfDays>
      </Dt>
      <Amt Ccy="ILS">34644.55</Amt>
      <CdtDbtInd>CRDT</CdtDbtInd>
    </Avlbty>
    <BkTxCd>
      <Domn>
        <Cd>PMNT</Cd>
        <Fmly>
          <Cd>RCDT</Cd>
          <SubFmlyCd>DMCT</SubFmlyCd>
        </Fmly>
      </Domn>
      <Prtry>
        <Cd>195</Cd>
        <Issr>BAI</Issr>
      </Prtry>
    </BkTxCd>
    <AmtDtls>
      <TxAmt>
        <Amt Ccy="ILS">34644.55</Amt>
      </TxAmt>
    </AmtDtls>
    <NtryDtls>
      <TxDtls>
        <Refs>
          <AcctSvcrRef>FIRBILIT</AcctSvcrRef>
          <EndToEndId>00000092333</EndToEndId>
        </Refs>
        <AmtDtls>
          <TxAmt>
            <Amt Ccy="ILS">34644.55</Amt>
          </TxAmt>
        </AmtDtls>
        <Avlbty>
          <Dt>
            <NbOfDays>0</NbOfDays>
          </Dt>
          <Amt Ccy="ILS">34644.55</Amt>
          <CdtDbtInd>CRDT</CdtDbtInd>
        </Avlbty>
        <RltdPties>
          <Dbtr>
            <Nm>test1</Nm>
          </Dbtr>
          <UltmtDbtr>
            <Nm>test2</Nm>
          </UltmtDbtr>
          <Cdtr>
            <Nm>CRLYFRPPXXX</Nm>
          </Cdtr>
        </RltdPties>
        <RmtInf>
          <Ustrd>REMARK=BILLING BY FIRBILIT/ORDP/ACCW/3178409366080</Ustrd>
        </RmtInf>
      </TxDtls>
    </NtryDtls>
  </Ntry>
</Stmt></BkToCstmrStmt>
</Document>
