{1:F01NDEXTAXIZXXX0001002911}{2:O9401902171231OWHBDEFFZXXX00012541851801041324N}{3:{108:GL180626003127}}{4:
:20:GL180626003127
:25:50320000/0206701419
:28C:243/1
:60F:C171228USD259780,48
:61:1801021229C20,00S103S0673632017F01//10FFMM1U08415324
OBg:2970,00 USD B/O:SOFT-LOGIC LTD
:86:206  SOFT-LOGIC LTD, 400068038 GEORGIA,  TBILISI GLDANI- NADZALAD
EVI DISTR.  SERVICES UNDER THE AGREEMENT PERS O  NAL ACCOUNT PAT-
299281856-1  Instructed Amount 2970,00 USD  Settlement  Brutto
               2970,00 USD  Gebuehr aus 71F    30,00 USD
Netto                   2970,00 USD
:61:1801011229D10,00FINT00000//0000000000
:61:1801011229D1,00FINTCharges
:61:1801011229D22,1FINTInterest for las
t period
:61:1806261229D3,00NCHG67329//10FFMRFT01036030
Fees
:86:808
Settlement
COMMISSION                23,87 USD
:62F:C180626USD259764,38
:64:C180626USD259764,38
:65:C180101USD259764,38
:65:C180102USD259764,38
-}