{1:F01NDEXTAXIZXXX0001000299}{2:O9402200170221OWHBDEFFZXXX00013162531702220856N}{3:{108:GL170221002541}}{4:
:20:GL170221002541
:25:50320000/0206701419
:28C:28/1
:60F:C170217USD934488,10
:61:1702210221D21,23NCHGNONREF//10FFMAOU01059565
OBg:2302,81 USD B/O:1/YANDEX.TAXI
:86:808
COMMISSION                21,23 USD
:61:1702210221D21,23NCHGNONREF//10FFMAOU01059566
OBg:3195,75 USD B/O:1/YANDEX.TAXI
:86:808
COMMISSION                21,23 USD
:61:1702210221D21,23NCHGNONREF//10FFMAOU01059599
OBg:6161,05 USD B/O:1/YANDEX.TAXI
:86:808
COMMISSION                21,23 USD
:61:1702210221D21,23NCHGNONREF//10FFMAOU01059602
OBg:1906,00 USD B/O:1/YANDEX.TAXI
:86:808
COMMISSION                21,23 USD
:61:1702210221D21,23NCHGNONREF//10FFMAOU01059604
OBg:3095,50 USD B/O:1/YANDEX.TAXI
:86:808
COMMISSION                21,23 USD
:61:1702210221D21,23NCHGNONREF//10FFMAOU01059595
OBg:7717,00 USD B/O:1/YANDEX.TAXI
:86:808
COMMISSION                21,23 USD
:61:1702210221D21,23NCHGNONREF//10FFMAOU01059596
OBg:10661,63 USD B/O:1/YANDEX.TAXI
:86:808
COMMISSION                21,23 USD
:61:1702210221D21,23NCHGNONREF//10FFMAOU01059597
OBg:2853,23 USD B/O:1/YANDEX.TAXI
:86:808
COMMISSION                21,23 USD
:61:1702210221D21,23NCHGNONREF//10FFMAOU01059598
OBg:2174,25 USD B/O:1/YANDEX.TAXI
:86:808
COMMISSION                21,23 USD
:61:1702210221D21,23NCHGNONREF//10FFMAOU01059600
OBg:1264,39 USD B/O:1/YANDEX.TAXI
:86:808
COMMISSION                21,23 USD
:61:1702210221D21,23NCHGNONREF//10FFMAOU01059601
OBg:6173,60 USD B/O:1/YANDEX.TAXI
:86:808
COMMISSION                21,23 USD
:61:1702210221D21,30NCHGNONREF//10FFMAOU01059548
OBg:1057,18 USD B/O:1/YANDEX.TAXI
:86:808
COMMISSION                21,30 USD
:62M:C170221USD934233,27
-}{1:F01NDEXTAXIZXXX0001000300}{2:O9402200170221OWHBDEFFZXXX00013162541702220856N}{3:{108:GL170221002542}}{4:
:20:GL170221002542
:25:50320000/0206701419
:28C:28/2
:60M:C170221USD934233,27
:61:1702210221D21,30NCHGNONREF//10FFMAOU01059549
OBg:988,14 USD B/O:1/YANDEX.TAXI B
:86:808
COMMISSION                21,30 USD
:61:1702210221D21,30NCHGNONREF//10FFMAOU01059550
OBg:2813,42 USD B/O:1/YANDEX.TAXI
:86:808
COMMISSION                21,30 USD
:61:1702210221D21,30NCHGNONREF//10FFMAOU01059551
OBg:9551,99 USD B/O:1/YANDEX.TAXI
:86:808
COMMISSION                21,30 USD
:61:1702210221D55,82NCHGNONREF//10FFMAOU01059603
OBg:37210,46 USD B/O:1/YANDEX.TAXI
:86:808
COMMISSION                55,82 USD
:61:1702210221D988,14S103NONREF//10FFMAOU01059549
OBg:988,14 USD Ben:SR ISRAILOV
:86:201  SR ISRAILOV  BUSINESS 18 YELGINA STR  ALMATY PAYMENT AS OF
AGREEMENT 59428/16  CALCULATION  BRUTTO        988,14
USD  TOTAL                    988,14 USD
:61:1702210221D1057,18S103NONREF//10FFMAOU01059548
OBg:1057,18 USD Ben:YOUNG ASTANA
:86:201  YOUNG ASTANA  N TLENDIYEVA 15, OFFICE 258  ASTANA  PAYMENT A
S OF AGREEMENT 58020/16  CALCULATION  BRUTTO            105
7,18 USD  TOTAL                   1057,18 USD
:61:1702210221D1264,39S103NONREF//10FFMAOU01059600
OBg:1264,39 USD Ben:HAPPYWAY AUTO
:86:201  HAPPYWAY AUTO LTD  KUMISBEKOVA ST 8.227 APPASTANA  ADVANCE
 PAYMENT FOR SERVICES UNDER  AGREEMENT 10118967 DD 06.12.2016  IN
V 4 DD 07.02.2017  CALCULATION  BRUTTO      1264,39 U
SD  TOTAL                   1264,39 USD
:62M:C170221USD930803,84
-}{1:F01NDEXTAXIZXXX0001000301}{2:O9402200170221OWHBDEFFZXXX00013162551702220856N}{3:{108:GL170221002543}}{4:
:20:GL170221002543
:25:50320000/0206701419
:28C:28/3
:60M:C170221USD930803,84
:61:1702210221D1906,00S103NONREF//10FFMAOU01059602
OBg:1906,00 USD Ben:PE KHACBATRYAN
:86:087  PE KHACBATRYAN ASHOT  ARMENIA  ARMENIA  REFUND OF MISTAKEN P
AYMENT  CALCULATION  BRUTTO                  1906,00 USD  TOTAL
                 1906,00 USD
:61:1702210221D2174,25S103NONREF//10FFMAOU01059598
OBg:2174,25 USD Ben:PROTECTION SYS
:86:201  PROTECTION SYSTEMS KZ LLP  DOSTYK AVE, HOUSE272 K15  ALMATY
  INVOICE 06 DD 14/02/17  ADVANCE FOR MARKETING SERVICES  TO CONT
RACT 10112250 DD 28/09/16  CALCULATION  BRUTTO              2
174,25 USD  TOTAL                   2174,25 USD
:61:1702210221D2302,81S103NONREF//10FFMAOU01059565
OBg:2302,81 USD Ben:INTERMARKET.KZ
:86:087  INTERMARKET.KZ LTD  KZ  KZ  PAYMENT AS OF AGREEMENT 59494/16
  CALCULATION  BRUTTO                  2302,81 USD  TOTAL
           2302,81 USD
:61:1702210221D2813,42S103NONREF//10FFMAOU01059550
OBg:2813,42 USD Ben:LLP TIFA
:86:201  LLP TIFA  REPUBLIC AVENUE, THE HOUSE 8, AP 63  ALMATY  PAYME
NT AS OF AGREEMENT 58109/16  CALCULATION  BRUTTO
 2813,42 USD  TOTAL                   2813,42 USD
:61:1702210221D2853,23S103NONREF//10FFMAOU01059597
OBg:2853,23 USD Ben:SP ISRAILOV
:86:201  SP ISRAILOV  BUSINESS 18 YELGINA STR  ALMATY INVOICE 5 DD 0
1.02.2017  ADVANCE PAYMENT FOR SERVICES  UNADER THE MARKETING SER
VICES  AGREEMENT 10119358 DD 09/12/16  CALCULATION  BRUTTO
           2853,23 USD  TOTAL                   2853,23 USD
:62M:C170221USD918754,13
-}{1:F01NDEXTAXIZXXX0001000302}{2:O9402200170221OWHBDEFFZXXX00013162561702220856N}{3:{108:GL170221002544}}{4:
:20:GL170221002544
:25:50320000/0206701419
:28C:28/4
:60M:C170221USD918754,13
:61:1702210221D3095,50S103NONREF//10FFMAOU01059604
OBg:3095,50 USD Ben:SP KANATOV A.K
:86:201  SP KANATOV A.K.  KOKZHIEK COMMUNITY, 7, APARTMENT 10  A20A5T
7, ALMATY  INVOICE 5 DD 08.02.2017  ADVANCE FOR MARKETING SERVICE
S  TO CONTRACT 10116093 DD 08/11/16  CALCULATIONBRUTTO
         3095,50 USD  TOTAL                   3095,50 USD
:61:1702210221D3195,75S103NONREF//10FFMAOU01059566
OBg:3195,75 USD Ben:INTERMARKET.KZ
:86:087  INTERMARKET.KZ LTD  KZ  KZ  PAYMENT AS OF AGREEMENT 59490/16
  CALCULATION  BRUTTO                  3195,75 USD  TOTAL
           3195,75 USD
:61:1702210221D6161,05S103NONREF//10FFMAOU01059599
OBg:6161,05 USD Ben:SP MOSSIN
:86:201  SP MOSSIN  STREET BRUSILOVSKII 54/7  ALMATYINVOICE 4 DD 09
.02.2017  PAYMENT FOR SERVICES UNDER THE  MARKETING SERVICES AGRE
EMENT  101115583 DD 01/11/16  CALCULATION  BRUTTO
  6161,05 USD  TOTAL                   6161,05 USD
:61:1702210221D6173,60S103NONREF//10FFMAOU01059601
OBg:6173,60 USD Ben:YA TAXI
:86:201  YA TAXI  SATPAYEV STR 24 AP 6  ALMATY  INVOICE 5 DD 10.02.20
17  ADVANCE PAYMENT FOR SERVICES  UNDER THE MARKETING SERVICES  A
GREEMENT 10113504 DD 11/10/16  CALCULATION  BRUTTO
   6173,60 USD  TOTAL                   6173,60 USD
:61:1702210221D7717,00S103NONREF//10FFMAOU01059595
OBg:7717,00 USD Ben:YA TAXI
:86:201  YA TAXI  SATPAYEV STR 24 AP 6  ALMATY  INVOICE 6 DD 10.02.20
17  ADVANCE PAYMENT FOR SERVICES  UNDER THE MARKETING SERVICES  A
GREEMENT 10113504 DD 11/10/16  CALCULATION  BRUTTO
   7717,00 USD  TOTAL                   7717,00 USD
:62M:C170221USD892411,23
-}{1:F01NDEXTAXIZXXX0001000303}{2:O9402200170221OWHBDEFFZXXX00013162571702220856N}{3:{108:GL170221002545}}{4:
:20:GL170221002545
:25:50320000/0206701419
:28C:28/5
:60M:C170221USD892411,23
:61:1702210221D9551,99S103NONREF//10FFMAOU01059551
OBg:9551,99 USD Ben:LLP KAZGOSGROU
:86:201  LLP KAZGOSGROUP  BUKHAR ZHYRAU STREET, 62B, OFF 13  ALMATY
PAYMENT AS OF AGREEMENT 57167/16  CALCULATION  BRUTTO
      9551,99 USD  TOTAL                   9551,99 USD
:61:1702210221D10661,63S103NONREF//10FFMAOU01059596
OBg:10661,63 USD Ben:YOUNG ASTANA
:86:201  YOUNG ASTANA  N TLENDIYEVA 15, OFFICE 258  ASTANA  INVOICE 4
 DD 27.01.2017  ADVANCE PAYMENT FOR SERVICES  UNDER THE MARKETING
 SERVICES  AGREEMENT 10116574 DD 11/11/16  CALCULATION  BRUTTO
              10661,63 USD  TOTAL 10661,63 USD
:61:1702210221D37210,46S103NONREF//10FFMAOU01059603
OBg:37210,46 USD Ben:INTERMARKET.K
:86:087  INTERMARKET.KZ LTD  KZ  KZ  INVOICE 1 DD 15/02/17  CONTRACT
10119696 DD 12/12/16  CALCULATION  BRUTTO        37210,4
6 USD  TOTAL                  37210,46 USD
:62F:C170221USD834987,15
:64:C170221USD834987,15
-}
