{1:F01NDEXTAXIZXXX0001000001}{2:O9401900160913OWHBDEFFZXXX00018771421610031055N}{3:{108:GL1609131102}}{4:
:20:GL1609131102
:25:50320000/0206701013
:28C:1/1
:60F:C160912EUR0,00
:61:1609130913DR50,00FSTOMIPVTBDANNUAL
FEE
:62F:D160913EUR50,00
:64:D160913EUR50,00
-}{1:F01NDEXTAXIZXXX0001000004}{2:O9402000160930OWHBDEFFZXXX00019258571610031055N}{3:{108:GL1609301442}}{4:
:20:GL1609301442
:25:50320000/0206701013
:28C:2/1
:60F:D160913EUR50,00
:61:1610010930DR0,43FINTInterestforlas
t period
:61:1610010930DR10,00FINTCharges
:62F:D160930EUR60,43
:64:D160930EUR50,00
-}