{1:F01NDEXTAXIZXXX0001000261}{2:O9402130170209OWHBDEFFZXXX00012854251702101059N}{3:{108:GL170209002452}}{4:
:20:GL170209002452
:25:50320000/0206701419
:28C:21/1
:60F:C170208USD177324,83
:61:1702100209C5000,00S103CP56917020980570//10FFMM1U07807954
OBg:5000,00 USD B/O:1/EASY CAB LLC
:86:206  1/EASY CAB LLC  2/KOMITAS  STR 54-103  3/AM/YEREVAN  PAYMENT
  ACC TO INVOICE PAT 1653358  48-1 DATE 07/02/2017 AND PREPAYMENT
  Original Amount         5000,00 USD  CALCULATION  BRUTTO
           5000,00 USD  TOTAL                   5000,00 USD
:61:1702090209D21,33NCHGNONREF//10FFMAOU01059166
OBg:1600,07 USD B/O:1/YANDEX.TAXI
:86:808
COMMISSION                21,33 USD
:61:1702090209D21,33NCHGNONREF//10FFMAOU01059167
OBg:3024,16 USD B/O:1/YANDEX.TAXI
:86:808
COMMISSION                21,33 USD
:61:1702090209D21,33NCHGNONREF//10FFMAOU01059168
OBg:10000,00 USD B/O:1/YANDEX.TAXI
:86:808
COMMISSION                21,33 USD
:61:1702090209D21,33NCHGNONREF//10FFMAOU01059169
OBg:2000,00 USD B/O:1/YANDEX.TAXI
:86:808
COMMISSION                21,33 USD
:61:1702090209D61,01NCHGNONREF//10FFMAOU01059165
OBg:40678,58 USD B/O:1/YANDEX.TAXI
:86:808
COMMISSION                61,01 USD
:61:1702090209D1600,07S103NONREF//10FFMAOU01059166
OBg:1600,07 USD Ben:TRANSFER SP
:86:201  TRANSFER SP  ABAY AV 27, 60 APP  ASTANA  INVOICE 3 DATED 30/
01/17  ADVANCE FOR MARKETING SERVICES  CONTRACT 10116640 DD 14/11
/16  CALCULATION  BRUTTO                  1600,07USD  TOTAL
              1600,07 USD
:61:1702090209D2000,00S103NONREF//10FFMAOU01059169
OBg:2000,00 USD Ben:MINDIA NODARIS
:86:201  MINDIA NODARISDZE GODUADZE SP  GIVI SVANIDZE16  TBILISI  IN
VOICE 8 DD 29/01/17  ADVANCE TO CONTRACT 10113396 DD 07/10/16  C
ALCULATION  BRUTTO                  2000,00 USD  TOTAL
        2000,00 USD
:62M:C170209USD178578,43
-}{1:F01NDEXTAXIZXXX0001000262}{2:O9402130170209OWHBDEFFZXXX00012854261702101059N}{3:{108:GL170209002453}}{4:
:20:GL170209002453
:25:50320000/0206701419
:28C:21/2
:60M:C170209USD178578,43
:61:1702090209D3024,16S103NONREF//10FFMAOU01059167
OBg:3024,16 USD Ben:LLC ECT-EXPORT
:86:201  LLC ECT-EXPORT  POTANINA STR 6  010000, ASTANA  INVOICE 1 DA
TED 09/01/17  ADVANCE PAYMENT FOR SERVICES UNDERTHE MARKETING S
ERVICES AGREEMENT  10122728 DD 09/01/17  CALCULATION  BRUTTO
             3024,16 USD  TOTAL3024,16 USD
:61:1702090209D10000,00S103NONREF//10FFMAOU01059168
OBg:10000,00 USD Ben:SSH TAX AND L
:86:201  SSH TAX AND LEGAL SOLUTIONS  ALMATY  ALMATYINVOICE NO 3 DA
TED 27/01/17  TO CONTRACT 10116165 DD 16/11/16  CALCULATION  BRUT
TO                 10000,00 USD  TOTAL      10000,00
USD
:61:1702090209D40678,58S103NONREF//10FFMAOU01059165
OBg:40678,58 USD Ben:YOUNG ASTANA
:86:201  YOUNG ASTANA  N TLENDIYEVA 15, OFFICE 258  ASTANA  INVOICE 3
 DATED 23/01/17  ADVANCE PAYMENT FOR SERVICES  UNDER THE MARKETIN
G SERVICES  AGREEMENT 10116574 DD 11/11/16  CALCULATION  BRUTTO
               40678,58 USD  TOTAL  40678,58 USD
:62F:C170209USD124875,69
:64:C170209USD119875,69
:65:C170210USD124875,69
-}
