1CClientBankExchange
ВерсияФормата=1.01
Кодировка=windows-1251
Отправитель=
Получатель=
ДатаСоздания=26.06.2018
ВремяСоздания=00:00:00
ДатаНачала=24.06.2018
ДатаКонца=24.06.2018
РасчСчет=40702810800000007671
СекцияРасчСчет
ДатаНачала=24.06.2018
ДатаКонца=24.06.2018
РасчСчет=40702810800000007671
НачальныйОстаток=10000.00
ВсегоСписано=0.00
ВсегоПоступило=2.00
КонечныйОстаток=10002.00
КонецРасчСчет
СекцияДокумент=Прочее
Номер=11
Дата=24.06.2018
Сумма=2.00
ПлательщикСчет=66666666666666666666
Плательщик=www www www
ПлательщикИНН=118111111
ПлательщикКПП=666666666
ПлательщикРасчСчет=66666666666666666666
ПлательщикБанк1=wwwwwwwwww
ПлательщикБИК=666666666
ПлательщикКорсчет=66666666666666666666
ПолучательСчет=66666666666666666666
ДатаПоступило=24.06.2018
Получатель=www www www
ПолучательИНН=118111111
ПолучательКПП=666666666
ПолучательРасчСчет=66666666666666666666
ПолучательБанк1=wwwwwwwwww
ПолучательБИК=666666666
ПолучательКорсчет=66666666666666666666
ВидПлатежа=
ВидОплаты=01
Код=
СтатусСоставителя=
ПоказательКБК=
ОКАТО=
ПоказательОснования=
ПоказательПериода=
ПоказательНомера=
ПоказательДаты=
ПоказательТипа=
Очередность=5
НазначениеПлатежа=28fe2f02bd2c4617b18c8477b318
КонецДокумента
КонецФайла