1CClientBankExchange
ВерсияФормата=1.02
Кодировка=windows-1251
Отправитель=
Получатель=
ДатаСоздания=19.07.2018
ВремяСоздания=19:24:03
ДатаНачала=19.07.2018
ДатаКонца=19.07.2018
РасчСчет=40702810000000013449
СекцияРасчСчет
ДатаНачала=19.07.2018
ДатаКонца=
РасчСчет=40702810000000013449
НачальныйОстаток=
ВсегоСписано=5133760.53
ВсегоПоступило=5334226.02
КонечныйОстаток=56256973.33
КонецРасчСчет
СекцияДокумент=Платежное поручение
Номер=75736
Дата=19.07.2018
Сумма=500
ПлательщикСчет=40702810000000013449
ДатаСписано=19.07.2018
Плательщик=ООО Яндекс.Вертикали 
ПлательщикИНН=7704340327
ПлательщикКПП=770501001
ПлательщикРасчСчет=40702810000000013449
ПлательщикБанк1=АО "Райффайзенбанк"
ПлательщикБИК=044525700
ПлательщикКорсчет=30101810200000000700
ПолучательСчет=40817810301003233946
Получатель=Шалаев Артём Александрович
ПолучательИНН=503226805214
ПолучательКПП=
ПолучательРасчСчет=40817810301003233946
ПолучательБанк1=АО "РАЙФФАЙЗЕНБАНК", Г. МОСКВА
ПолучательБИК=044525700
ПолучательКорсчет=30101810200000000700
ВидПлатежа=
ВидОплаты=01
Код=
СтатусСоставителя=
ПоказательКБК=
ОКАТО=
ПоказательОснования=
ПоказательПериода=
ПоказательНомера=
ПоказательДаты=
ПоказательТипа=
Очередность=5
НазначениеПлатежа=Перечисление по авансовому отчету N 454 от 19-ИЮЛ-18 сотр. Шалаев Артём Александрович. НДС не облагается.
КонецДокумента
СекцияДокумент=Платежное поручение
Номер=75738
Дата=19.07.2018
Сумма=500
ПлательщикСчет=40702810000000013449
ДатаСписано=19.07.2018
Плательщик=ООО Яндекс.Вертикали 
ПлательщикИНН=7704340327
ПлательщикКПП=770501001
ПлательщикРасчСчет=40702810000000013449
ПлательщикБанк1=АО "Райффайзенбанк"
ПлательщикБИК=044525700
ПлательщикКорсчет=30101810200000000700
ПолучательСчет=40817810804010652479
Получатель=Чевычелова Елена Алексеевна
ПолучательИНН=460702803199
ПолучательКПП=
ПолучательРасчСчет=40817810804010652479
ПолучательБанк1=АО "АЛЬФА-БАНК", Г. МОСКВА
ПолучательБИК=044525593
ПолучательКорсчет=30101810200000000593
ВидПлатежа=
ВидОплаты=01
Код=
СтатусСоставителя=
ПоказательКБК=
ОКАТО=
ПоказательОснования=
ПоказательПериода=
ПоказательНомера=
ПоказательДаты=
ПоказательТипа=
Очередность=5
НазначениеПлатежа=Перечисление по авансовому отчету N 453 от 19-ИЮЛ-18 сотр. Чевычелова Елена Алексеевна. НДС не облагается.
КонецДокумента
СекцияДокумент=Платежное поручение
Номер=75872
Дата=19.07.2018
Сумма=870
ПлательщикСчет=40702810000000013449
ДатаСписано=19.07.2018
Плательщик=ООО Яндекс.Вертикали 
ПлательщикИНН=7704340327
ПлательщикКПП=770501001
ПлательщикРасчСчет=40702810000000013449
ПлательщикБанк1=АО "Райффайзенбанк"
ПлательщикБИК=044525700
ПлательщикКорсчет=30101810200000000700
ПолучательСчет=40817810246007617326
Получатель=Трушин Евгений Олегович
ПолучательИНН=561110825167
ПолучательКПП=
ПолучательРасчСчет=40817810246007617326
ПолучательБанк1=ОРЕНБУРГСКОЕ ОТДЕЛЕНИЕ N8623 ПАО СБЕРБАНК, Г. ОРЕНБУРГ
ПолучательБИК=045354601
ПолучательКорсчет=30101810600000000601
ВидПлатежа=
ВидОплаты=01
Код=
СтатусСоставителя=
ПоказательКБК=
ОКАТО=
ПоказательОснования=
ПоказательПериода=
ПоказательНомера=
ПоказательДаты=
ПоказательТипа=
Очередность=5
НазначениеПлатежа=Оплата по Акту от 29/06/2018, по дог. N 10143488 от 01.07.2017. Без НДС
КонецДокумента
СекцияДокумент=Платежное поручение
Номер=75735
Дата=19.07.2018
Сумма=4500
ПлательщикСчет=40702810000000013449
ДатаСписано=19.07.2018
Плательщик=ООО Яндекс.Вертикали 
ПлательщикИНН=7704340327
ПлательщикКПП=770501001
ПлательщикРасчСчет=40702810000000013449
ПлательщикБанк1=АО "Райффайзенбанк"
ПлательщикБИК=044525700
ПлательщикКорсчет=30101810200000000700
ПолучательСчет=40817810638118874372
Получатель=Иноземцева Алёна Васильевна
ПолучательИНН=773127322618
ПолучательКПП=
ПолучательРасчСчет=40817810638118874372
ПолучательБанк1=ПАО СБЕРБАНК, Г. МОСКВА
ПолучательБИК=044525225
ПолучательКорсчет=30101810400000000225
ВидПлатежа=
ВидОплаты=01
Код=
СтатусСоставителя=
ПоказательКБК=
ОКАТО=
ПоказательОснования=
ПоказательПериода=
ПоказательНомера=
ПоказательДаты=
ПоказательТипа=
Очередность=5
НазначениеПлатежа=Перечисление аванса на командировочные расходы сотр. Иноземцева Алёна Васильевна. НДС не облагается.
КонецДокумента
СекцияДокумент=Платежное поручение
Номер=75877
Дата=19.07.2018
Сумма=5000
ПлательщикСчет=40702810000000013449
ДатаСписано=19.07.2018
Плательщик=ООО Яндекс.Вертикали 
ПлательщикИНН=7704340327
ПлательщикКПП=770501001
ПлательщикРасчСчет=40702810000000013449
ПлательщикБанк1=АО "Райффайзенбанк"
ПлательщикБИК=044525700
ПлательщикКорсчет=30101810200000000700
ПолучательСчет=40802810001500010773
Получатель=ИП Воробьев Никита Вячеславович
ПолучательИНН=770480698587
ПолучательКПП=
ПолучательРасчСчет=40802810001500010773
ПолучательБанк1=ТОЧКА ПАО БАНКА "ФК ОТКРЫТИЕ", Г. МОСКВА
ПолучательБИК=044525999
ПолучательКорсчет=30101810845250000999
ВидПлатежа=
ВидОплаты=01
Код=
СтатусСоставителя=
ПоказательКБК=
ОКАТО=
ПоказательОснования=
ПоказательПериода=
ПоказательНомера=
ПоказательДаты=
ПоказательТипа=
Очередность=5
НазначениеПлатежа=Оплата по акту N 7, по дог. N 10169027 от 27.03.2018 . Без НДС
КонецДокумента
СекцияДокумент=Платежное поручение
Номер=75958
Дата=19.07.2018
Сумма=5000
ПлательщикСчет=40702810000000013449
ДатаСписано=19.07.2018
Плательщик=ООО Яндекс.Вертикали 
ПлательщикИНН=7704340327
ПлательщикКПП=770501001
ПлательщикРасчСчет=40702810000000013449
ПлательщикБанк1=АО "Райффайзенбанк"
ПлательщикБИК=044525700
ПлательщикКорсчет=30101810200000000700
ПолучательСчет=40817810738091233354
Получатель=Палагин Дмитрий Сергеевич
ПолучательИНН=000000000000
ПолучательКПП=
ПолучательРасчСчет=40817810738091233354
ПолучательБанк1=ПАО СБЕРБАНК, Г. МОСКВА
ПолучательБИК=044525225
ПолучательКорсчет=30101810400000000225
ВидПлатежа=
ВидОплаты=01
Код=
СтатусСоставителя=
ПоказательКБК=
ОКАТО=
ПоказательОснования=
ПоказательПериода=
ПоказательНомера=
ПоказательДаты=
ПоказательТипа=
Очередность=5
НазначениеПлатежа=Оплата по Акту от 30/06/2018, по дог. N 10172789 от 19.04.2018. Без НДС
КонецДокумента
СекцияДокумент=Платежное поручение
Номер=74989
Дата=19.07.2018
Сумма=5117
ПлательщикСчет=40702810000000013449
ДатаСписано=19.07.2018
Плательщик=ООО Яндекс.Вертикали 
ПлательщикИНН=7704340327
ПлательщикКПП=770501001
ПлательщикРасчСчет=40702810000000013449
ПлательщикБанк1=АО "Райффайзенбанк"
ПлательщикБИК=044525700
ПлательщикКорсчет=30101810200000000700
ПолучательСчет=40101810045250010041
Получатель=УФК МФ РФ по г. Москве (для ИФНС России 5 по г. Москве)
ПолучательИНН=7705045236
ПолучательКПП=770901001
ПолучательРасчСчет=40101810045250010041
ПолучательБанк1=ГУ БАНКА РОССИИ ПО ЦФО, Г. МОСКВА 35
ПолучательБИК=044525000
ПолучательКорсчет=
ВидПлатежа=
ВидОплаты=01
Код=0
СтатусСоставителя=
ПоказательКБК=
ОКАТО=
ПоказательОснования=
ПоказательПериода=
ПоказательНомера=
ПоказательДаты=
ПоказательТипа=
Очередность=5
НазначениеПлатежа=Налог на доходы физических лиц,за июль 2018 г.
КонецДокумента
СекцияДокумент=Платежное поручение
Номер=75737
Дата=19.07.2018
Сумма=6000
ПлательщикСчет=40702810000000013449
ДатаСписано=19.07.2018
Плательщик=ООО Яндекс.Вертикали 
ПлательщикИНН=7704340327
ПлательщикКПП=770501001
ПлательщикРасчСчет=40702810000000013449
ПлательщикБанк1=АО "Райффайзенбанк"
ПлательщикБИК=044525700
ПлательщикКорсчет=30101810200000000700
ПолучательСчет=40817810901003772881
Получатель=Огородникова Юлия Геннадьевна
ПолучательИНН=543307107911
ПолучательКПП=
ПолучательРасчСчет=40817810901003772881
ПолучательБанк1=АО "РАЙФФАЙЗЕНБАНК", Г. МОСКВА
ПолучательБИК=044525700
ПолучательКорсчет=30101810200000000700
ВидПлатежа=
ВидОплаты=01
Код=
СтатусСоставителя=
ПоказательКБК=
ОКАТО=
ПоказательОснования=
ПоказательПериода=
ПоказательНомера=
ПоказательДаты=
ПоказательТипа=
Очередность=5
НазначениеПлатежа=Перечисление аванса на командировочные расходы сотр. Огородникова Юлия Геннадьевна. НДС не облагается.
КонецДокумента
СекцияДокумент=Платежное поручение
Номер=75874
Дата=19.07.2018
Сумма=9000
ПлательщикСчет=40702810000000013449
ДатаСписано=19.07.2018
Плательщик=ООО Яндекс.Вертикали 
ПлательщикИНН=7704340327
ПлательщикКПП=770501001
ПлательщикРасчСчет=40702810000000013449
ПлательщикБанк1=АО "Райффайзенбанк"
ПлательщикБИК=044525700
ПлательщикКорсчет=30101810200000000700
ПолучательСчет=40702810318500007164
Получатель=Общество с ограниченной ответственностью "Вымпел-сервис"
ПолучательИНН=5260149890
ПолучательКПП=526001001
ПолучательРасчСчет=40702810318500007164
ПолучательБанк1=ФИЛИАЛ № 6318 БАНКА ВТБ (ПАО), Г. САМАРА
ПолучательБИК=043601968
ПолучательКорсчет=30101810422023601968
ВидПлатежа=
ВидОплаты=01
Код=
СтатусСоставителя=
ПоказательКБК=
ОКАТО=
ПоказательОснования=
ПоказательПериода=
ПоказательНомера=
ПоказательДаты=
ПоказательТипа=
Очередность=5
НазначениеПлатежа=Оплата по сч. N 860 от 25.06.2018, по дог. N 10158167 от 09.01.2018. Без НДС
КонецДокумента
СекцияДокумент=Платежное поручение
Номер=75868
Дата=19.07.2018
Сумма=18300
ПлательщикСчет=40702810000000013449
ДатаСписано=19.07.2018
Плательщик=ООО Яндекс.Вертикали 
ПлательщикИНН=7704340327
ПлательщикКПП=770501001
ПлательщикРасчСчет=40702810000000013449
ПлательщикБанк1=АО "Райффайзенбанк"
ПлательщикБИК=044525700
ПлательщикКорсчет=30101810200000000700
ПолучательСчет=40817810409940041610
Получатель=ИП Нежданов Михаил Юрьевич
ПолучательИНН=590606695009
ПолучательКПП=
ПолучательРасчСчет=40817810409940041610
ПолучательБанк1=АО "АЛЬФА-БАНК", Г. МОСКВА
ПолучательБИК=044525593
ПолучательКорсчет=30101810200000000593
ВидПлатежа=
ВидОплаты=01
Код=
СтатусСоставителя=
ПоказательКБК=
ОКАТО=
ПоказательОснования=
ПоказательПериода=
ПоказательНомера=
ПоказательДаты=
ПоказательТипа=
Очередность=5
НазначениеПлатежа=Оплата по Акту N 231 от 24/06/2018, по дог. N 10095393 от 01.04.2016. Без НДС
КонецДокумента
СекцияДокумент=Платежное поручение
Номер=75875
Дата=19.07.2018
Сумма=28379.2
ПлательщикСчет=40702810000000013449
ДатаСписано=19.07.2018
Плательщик=ООО Яндекс.Вертикали 
ПлательщикИНН=7704340327
ПлательщикКПП=770501001
ПлательщикРасчСчет=40702810000000013449
ПлательщикБанк1=АО "Райффайзенбанк"
ПлательщикБИК=044525700
ПлательщикКорсчет=30101810200000000700
ПолучательСчет=40817810138043421374
Получатель=Ревуцкий Дмитрий Сергеевич
ПолучательИНН=000000000000
ПолучательКПП=
ПолучательРасчСчет=40817810138043421374
ПолучательБанк1=ПАО СБЕРБАНК, Г. МОСКВА
ПолучательБИК=044525225
ПолучательКорсчет=30101810400000000225
ВидПлатежа=
ВидОплаты=01
Код=
СтатусСоставителя=
ПоказательКБК=
ОКАТО=
ПоказательОснования=
ПоказательПериода=
ПоказательНомера=
ПоказательДаты=
ПоказательТипа=
Очередность=5
НазначениеПлатежа=Оплата по акту от 03.07.2018, по дог. N 10165830 от 05.03.2018 . Без НДС
КонецДокумента
СекцияДокумент=Платежное поручение
Номер=75873
Дата=19.07.2018
Сумма=31570
ПлательщикСчет=40702810000000013449
ДатаСписано=19.07.2018
Плательщик=ООО Яндекс.Вертикали 
ПлательщикИНН=7704340327
ПлательщикКПП=770501001
ПлательщикРасчСчет=40702810000000013449
ПлательщикБанк1=АО "Райффайзенбанк"
ПлательщикБИК=044525700
ПлательщикКорсчет=30101810200000000700
ПолучательСчет=40702810318500004811
Получатель=АО "Новая площадь"
ПолучательИНН=5260153985
ПолучательКПП=526001001
ПолучательРасчСчет=40702810318500004811
ПолучательБанк1=ФИЛИАЛ № 6318 БАНКА ВТБ (ПАО), Г. САМАРА
ПолучательБИК=043601968
ПолучательКорсчет=30101810422023601968
ВидПлатежа=
ВидОплаты=01
Код=
СтатусСоставителя=
ПоказательКБК=
ОКАТО=
ПоказательОснования=
ПоказательПериода=
ПоказательНомера=
ПоказательДаты=
ПоказательТипа=
Очередность=5
НазначениеПлатежа=Оплата по сч. N 439 от 20.06.2018, по дог. N 2017/34 от 18.12.2017. Без НДС
КонецДокумента
СекцияДокумент=Платежное поручение
Номер=75879
Дата=19.07.2018
Сумма=45000
ПлательщикСчет=40702810000000013449
ДатаСписано=19.07.2018
Плательщик=ООО Яндекс.Вертикали 
ПлательщикИНН=7704340327
ПлательщикКПП=770501001
ПлательщикРасчСчет=40702810000000013449
ПлательщикБанк1=АО "Райффайзенбанк"
ПлательщикБИК=044525700
ПлательщикКорсчет=30101810200000000700
ПолучательСчет=40702810600003005163
Получатель=ООО "РН-КАРТ"
ПолучательИНН=7743529527
ПолучательКПП=770501001
ПолучательРасчСчет=40702810600003005163
ПолучательБанк1=БАНК "ВБРР" (АО), Г. МОСКВА
ПолучательБИК=044525880
ПолучательКорсчет=30101810900000000880
ВидПлатежа=
ВидОплаты=01
Код=
СтатусСоставителя=
ПоказательКБК=
ОКАТО=
ПоказательОснования=
ПоказательПериода=
ПоказательНомера=
ПоказательДаты=
ПоказательТипа=
Очередность=5
НазначениеПлатежа=Оплата по сч. N МСК-451679/101 от 18.07.2018. В том числе НДС (18%): 6 864,41 руб.
КонецДокумента
СекцияДокумент=Платежное поручение
Номер=75878
Дата=19.07.2018
Сумма=46851.06
ПлательщикСчет=40702810000000013449
ДатаСписано=19.07.2018
Плательщик=ООО Яндекс.Вертикали 
ПлательщикИНН=7704340327
ПлательщикКПП=770501001
ПлательщикРасчСчет=40702810000000013449
ПлательщикБанк1=АО "Райффайзенбанк"
ПлательщикБИК=044525700
ПлательщикКорсчет=30101810200000000700
ПолучательСчет=40702810701300003205
Получатель=ООО "Би Ориджинал"
ПолучательИНН=7722786347
ПолучательКПП=772201001
ПолучательРасчСчет=40702810701300003205
ПолучательБанк1=АО "АЛЬФА-БАНК", Г. МОСКВА
ПолучательБИК=044525593
ПолучательКорсчет=30101810200000000593
ВидПлатежа=
ВидОплаты=01
Код=
СтатусСоставителя=
ПоказательКБК=
ОКАТО=
ПоказательОснования=
ПоказательПериода=
ПоказательНомера=
ПоказательДаты=
ПоказательТипа=
Очередность=5
НазначениеПлатежа=Оплата по сч. N 318 от 12.07.2018. Без НДС
КонецДокумента
СекцияДокумент=Платежное поручение
Номер=75867
Дата=19.07.2018
Сумма=56000
ПлательщикСчет=40702810000000013449
ДатаСписано=19.07.2018
Плательщик=ООО Яндекс.Вертикали 
ПлательщикИНН=7704340327
ПлательщикКПП=770501001
ПлательщикРасчСчет=40702810000000013449
ПлательщикБанк1=АО "Райффайзенбанк"
ПлательщикБИК=044525700
ПлательщикКорсчет=30101810200000000700
ПолучательСчет=40702810138040020058
Получатель=ООО "Медиалогия"
ПолучательИНН=7713338638
ПолучательКПП=771301001
ПолучательРасчСчет=40702810138040020058
ПолучательБанк1=ПАО СБЕРБАНК, Г. МОСКВА
ПолучательБИК=044525225
ПолучательКорсчет=30101810400000000225
ВидПлатежа=
ВидОплаты=01
Код=
СтатусСоставителя=
ПоказательКБК=
ОКАТО=
ПоказательОснования=
ПоказательПериода=
ПоказательНомера=
ПоказательДаты=
ПоказательТипа=
Очередность=5
НазначениеПлатежа=Оплата по сч. N 3318 от 07.07.2018, по дог. N Л-1603-3273 от 09.03.2016. Без НДС
КонецДокумента
СекцияДокумент=Платежное поручение
Номер=75866
Дата=19.07.2018
Сумма=60511
ПлательщикСчет=40702810000000013449
ДатаСписано=19.07.2018
Плательщик=ООО Яндекс.Вертикали 
ПлательщикИНН=7704340327
ПлательщикКПП=770501001
ПлательщикРасчСчет=40702810000000013449
ПлательщикБанк1=АО "Райффайзенбанк"
ПлательщикБИК=044525700
ПлательщикКорсчет=30101810200000000700
ПолучательСчет=40702810600014307627
Получатель=ООО  "Яндекс"
ПолучательИНН=7736207543
ПолучательКПП=997750001
ПолучательРасчСчет=40702810600014307627
ПолучательБанк1=АО ЮНИКРЕДИТ БАНК, Г. МОСКВА
ПолучательБИК=044525545
ПолучательКорсчет=30101810300000000545
ВидПлатежа=
ВидОплаты=01
Код=
СтатусСоставителя=
ПоказательКБК=
ОКАТО=
ПоказательОснования=
ПоказательПериода=
ПоказательНомера=
ПоказательДаты=
ПоказательТипа=
Очередность=5
НазначениеПлатежа=Оплата по сч. N_Б-962722124-1  . В том числе НДС (18%): 9 230,49 руб.
КонецДокумента
СекцияДокумент=Платежное поручение
Номер=75870
Дата=19.07.2018
Сумма=89793.66
ПлательщикСчет=40702810000000013449
ДатаСписано=19.07.2018
Плательщик=ООО Яндекс.Вертикали 
ПлательщикИНН=7704340327
ПлательщикКПП=770501001
ПлательщикРасчСчет=40702810000000013449
ПлательщикБанк1=АО "Райффайзенбанк"
ПлательщикБИК=044525700
ПлательщикКорсчет=30101810200000000700
ПолучательСчет=40702810400000061611
Получатель=ООО "АЛД Автомотив"
ПолучательИНН=7725514969
ПолучательКПП=772501001
ПолучательРасчСчет=40702810400000061611
ПолучательБанк1=ПАО РОСБАНК, Г. МОСКВА
ПолучательБИК=044525256
ПолучательКорсчет=30101810000000000256
ВидПлатежа=
ВидОплаты=01
Код=
СтатусСоставителя=
ПоказательКБК=
ОКАТО=
ПоказательОснования=
ПоказательПериода=
ПоказательНомера=
ПоказательДаты=
ПоказательТипа=
Очередность=5
НазначениеПлатежа=Оплата по сч. NSLI006477от 30.06.18, по дог. N 005666 от 17.06.2016 . В том числе НДС (18%): 13 697,34 руб.
КонецДокумента
СекцияДокумент=Платежное поручение
Номер=75869
Дата=19.07.2018
Сумма=115966.1
ПлательщикСчет=40702810000000013449
ДатаСписано=19.07.2018
Плательщик=ООО Яндекс.Вертикали 
ПлательщикИНН=7704340327
ПлательщикКПП=770501001
ПлательщикРасчСчет=40702810000000013449
ПлательщикБанк1=АО "Райффайзенбанк"
ПлательщикБИК=044525700
ПлательщикКорсчет=30101810200000000700
ПолучательСчет=40702810432000001641
Получатель=ООО "Н-Маркет Про"
ПолучательИНН=7840493675
ПолучательКПП=784001001
ПолучательРасчСчет=40702810432000001641
ПолучательБанк1=ФИЛИАЛ "САНКТ-ПЕТЕРБУРГСКИЙ" АО "АЛЬФА-БАНК", Г. САНКТ-ПЕТЕРБУРГ
ПолучательБИК=044030786
ПолучательКорсчет=30101810600000000786
ВидПлатежа=
ВидОплаты=01
Код=
СтатусСоставителя=
ПоказательКБК=
ОКАТО=
ПоказательОснования=
ПоказательПериода=
ПоказательНомера=
ПоказательДаты=
ПоказательТипа=
Очередность=5
НазначениеПлатежа=Оплата по сч. N 723 от 09.07.18, по дог. N 10099369 от 23.05.2016 . Без НДС
КонецДокумента
СекцияДокумент=Платежное поручение
Номер=74850
Дата=19.07.2018
Сумма=118000
ПлательщикСчет=40702810000000013449
ДатаСписано=19.07.2018
Плательщик=ООО Яндекс.Вертикали 
ПлательщикИНН=7704340327
ПлательщикКПП=770501001
ПлательщикРасчСчет=40702810000000013449
ПлательщикБанк1=АО "Райффайзенбанк"
ПлательщикБИК=044525700
ПлательщикКорсчет=30101810200000000700
ПолучательСчет=40702810700000003843
Получатель=ООО "ВМ Онлайн"
ПолучательИНН=7723378904
ПолучательКПП=
ПолучательРасчСчет=40702810700000003843
ПолучательБанк1=АО "РАЙФФАЙЗЕНБАНК", Г. МОСКВА
ПолучательБИК=044525700
ПолучательКорсчет=30101810200000000700
ВидПлатежа=
ВидОплаты=01
Код=
СтатусСоставителя=
ПоказательКБК=
ОКАТО=
ПоказательОснования=
ПоказательПериода=
ПоказательНомера=
ПоказательДаты=
ПоказательТипа=
Очередность=5
НазначениеПлатежа=Возврат аванса по Б-876044517-1 согласно письму N149/18 от 22.06.2018. В том числе НДС(18%): 18000.00 руб.
КонецДокумента
СекцияДокумент=Платежное поручение
Номер=75871
Дата=19.07.2018
Сумма=121352.24
ПлательщикСчет=40702810000000013449
ДатаСписано=19.07.2018
Плательщик=ООО Яндекс.Вертикали 
ПлательщикИНН=7704340327
ПлательщикКПП=770501001
ПлательщикРасчСчет=40702810000000013449
ПлательщикБанк1=АО "Райффайзенбанк"
ПлательщикБИК=044525700
ПлательщикКорсчет=30101810200000000700
ПолучательСчет=40702810400000061611
Получатель=ООО "АЛД Автомотив"
ПолучательИНН=7725514969
ПолучательКПП=772501001
ПолучательРасчСчет=40702810400000061611
ПолучательБанк1=ПАО РОСБАНК, Г. МОСКВА
ПолучательБИК=044525256
ПолучательКорсчет=30101810000000000256
ВидПлатежа=
ВидОплаты=01
Код=
СтатусСоставителя=
ПоказательКБК=
ОКАТО=
ПоказательОснования=
ПоказательПериода=
ПоказательНомера=
ПоказательДаты=
ПоказательТипа=
Очередность=5
НазначениеПлатежа=Оплата по сч. N SLI006478 от 30.06.18, по дог. N 005666 от 17.06.2016 . В том числе НДС (18%): 18 511,36 руб.
КонецДокумента
СекцияДокумент=Платежное поручение
Номер=75880
Дата=19.07.2018
Сумма=125000
ПлательщикСчет=40702810000000013449
ДатаСписано=19.07.2018
Плательщик=ООО Яндекс.Вертикали 
ПлательщикИНН=7704340327
ПлательщикКПП=770501001
ПлательщикРасчСчет=40702810000000013449
ПлательщикБанк1=АО "Райффайзенбанк"
ПлательщикБИК=044525700
ПлательщикКорсчет=30101810200000000700
ПолучательСчет=40802810338000045045
Получатель=ИП Назарьева Полина Андреевна
ПолучательИНН=773459949787
ПолучательКПП=
ПолучательРасчСчет=40802810338000045045
ПолучательБанк1=ПАО СБЕРБАНК, Г. МОСКВА
ПолучательБИК=044525225
ПолучательКорсчет=30101810400000000225
ВидПлатежа=
ВидОплаты=01
Код=
СтатусСоставителя=
ПоказательКБК=
ОКАТО=
ПоказательОснования=
ПоказательПериода=
ПоказательНомера=
ПоказательДаты=
ПоказательТипа=
Очередность=5
НазначениеПлатежа=Оплата по сч. N 1 от 11.07.2018, по дог. N К-27/06/18 от 27.06.2018. Без НДС
КонецДокумента
СекцияДокумент=Платежное поручение
Номер=75876
Дата=19.07.2018
Сумма=200000
ПлательщикСчет=40702810000000013449
ДатаСписано=19.07.2018
Плательщик=ООО Яндекс.Вертикали 
ПлательщикИНН=7704340327
ПлательщикКПП=770501001
ПлательщикРасчСчет=40702810000000013449
ПлательщикБанк1=АО "Райффайзенбанк"
ПлательщикБИК=044525700
ПлательщикКорсчет=30101810200000000700
ПолучательСчет=40702810200000018626
Получатель=ООО "Кокос групп"
ПолучательИНН=7725313557
ПолучательКПП=772501001
ПолучательРасчСчет=40702810200000018626
ПолучательБанк1=АО "РАЙФФАЙЗЕНБАНК", Г. МОСКВА
ПолучательБИК=044525700
ПолучательКорсчет=30101810200000000700
ВидПлатежа=
ВидОплаты=01
Код=
СтатусСоставителя=
ПоказательКБК=
ОКАТО=
ПоказательОснования=
ПоказательПериода=
ПоказательНомера=
ПоказательДаты=
ПоказательТипа=
Очередность=5
НазначениеПлатежа=Оплата по сч. N ATT191375 от 09.07.2018, по дог. N 10168103 от 22.02.2018. Без НДС
КонецДокумента
СекцияДокумент=Платежное поручение
Номер=6980
Дата=19.07.2018
Сумма=730132.5
ПлательщикСчет=40702810000000013449
ДатаСписано=19.07.2018
Плательщик=ООО Яндекс.Вертикали 
ПлательщикИНН=7704340327
ПлательщикКПП=770501001
ПлательщикРасчСчет=40702810000000013449
ПлательщикБанк1=АО "Райффайзенбанк"
ПлательщикБИК=044525700
ПлательщикКорсчет=30101810200000000700
ПолучательСчет=40702810500000048105
Получатель=Общество с ограниченной ответственностью Яндекс.Вертикали
ПолучательИНН=
ПолучательКПП=770501001
ПолучательРасчСчет=40702810500000048105
ПолучательБанк1=АО "РАЙФФАЙЗЕНБАНК", Г. МОСКВА
ПолучательБИК=044525700
ПолучательКорсчет=30101810200000000700
ВидПлатежа=
ВидОплаты=01
Код=
СтатусСоставителя=
ПоказательКБК=
ОКАТО=
ПоказательОснования=
ПоказательПериода=
ПоказательНомера=
ПоказательДаты=
ПоказательТипа=
Очередность=5
НазначениеПлатежа=Пополнение счета корпоративных карт 48105, 24/7. НДС не облагается
КонецДокумента
СекцияДокумент=Платежное поручение
Номер=4688
Дата=19.07.2018
Сумма=810000
ПлательщикСчет=40702810000000013449
ДатаСписано=19.07.2018
Плательщик=ООО Яндекс.Вертикали 
ПлательщикИНН=7704340327
ПлательщикКПП=770501001
ПлательщикРасчСчет=40702810000000013449
ПлательщикБанк1=АО "Райффайзенбанк"
ПлательщикБИК=044525700
ПлательщикКорсчет=30101810200000000700
ПолучательСчет=40702810500000048105
Получатель=Общество с ограниченной ответственностью Яндекс.Вертикали
ПолучательИНН=
ПолучательКПП=770501001
ПолучательРасчСчет=40702810500000048105
ПолучательБанк1=АО "РАЙФФАЙЗЕНБАНК", Г. МОСКВА
ПолучательБИК=044525700
ПолучательКорсчет=30101810200000000700
ВидПлатежа=
ВидОплаты=01
Код=
СтатусСоставителя=
ПоказательКБК=
ОКАТО=
ПоказательОснования=
ПоказательПериода=
ПоказательНомера=
ПоказательДаты=
ПоказательТипа=
Очередность=5
НазначениеПлатежа=Пополнение счета корпоративных карт 48105, 24/7. НДС не облагается
КонецДокумента
СекцияДокумент=Платежное поручение
Номер=9065
Дата=19.07.2018
Сумма=2500417.77
ПлательщикСчет=40702810000000013449
ДатаСписано=19.07.2018
Плательщик=ООО Яндекс.Вертикали 
ПлательщикИНН=7704340327
ПлательщикКПП=770501001
ПлательщикРасчСчет=40702810000000013449
ПлательщикБанк1=АО "Райффайзенбанк"
ПлательщикБИК=044525700
ПлательщикКорсчет=30101810200000000700
ПолучательСчет=40702810500000048105
Получатель=Общество с ограниченной ответственностью Яндекс.Вертикали
ПолучательИНН=
ПолучательКПП=770501001
ПолучательРасчСчет=40702810500000048105
ПолучательБанк1=АО "РАЙФФАЙЗЕНБАНК", Г. МОСКВА
ПолучательБИК=044525700
ПолучательКорсчет=30101810200000000700
ВидПлатежа=
ВидОплаты=01
Код=
СтатусСоставителя=
ПоказательКБК=
ОКАТО=
ПоказательОснования=
ПоказательПериода=
ПоказательНомера=
ПоказательДаты=
ПоказательТипа=
Очередность=5
НазначениеПлатежа=Пополнение счета корпоративных карт 48105, 24/7. НДС не облагается
КонецДокумента
СекцияДокумент=Платежное поручение
Номер=19357
Дата=19.07.2018
Сумма=1156.4
ПлательщикСчет=47422810433204566702
Плательщик=ООО НКО "Яндекс.Деньги"
ПлательщикИНН=7750005725
ПлательщикКПП=770501001
ПлательщикРасчСчет=47422810433204566702
ПлательщикБанк1=ООО НКО "ЯНДЕКС.ДЕНЬГИ", Г. МОСКВА
ПлательщикБИК=044525444
ПлательщикКорсчет=30103810945250000444
ПолучательСчет=40702810000000013449
ДатаПоступило=19.07.2018
Получатель=ООО Яндекс.Вертикали
ПолучательИНН=7704340327
ПолучательКПП=770501001
ПолучательРасчСчет=40702810000000013449
ПолучательБанк1=АО "РАЙФФАЙЗЕНБАНК", Г. МОСКВА
ПолучательБИК=044525700
ПолучательКорсчет=30101810200000000700
ВидПлатежа=
ВидОплаты=01
Код=
СтатусСоставителя=
ПоказательКБК=
ОКАТО=
ПоказательОснования=
ПоказательПериода=
ПоказательНомера=
ПоказательДаты=
ПоказательТипа=
Очередность=5
НазначениеПлатежа=//Реестр//  Количество 2. Перечисление денежных средств по договору НЭК.45667.02 по реестру за 18.07.2018. Без НДС
КонецДокумента
СекцияДокумент=Прочее
Номер=1
Дата=19.07.2018
Сумма=6024.98
ПлательщикСчет=
Плательщик=
ПлательщикИНН=
ПлательщикКПП=
ПлательщикРасчСчет=
ПлательщикБанк1=
ПлательщикБИК=
ПлательщикКорсчет=
ПолучательСчет=40702810000000013449
ДатаПоступило=19.07.2018
Получатель=ООО Яндекс.Вертикали
ПолучательИНН=7704340327
ПолучательКПП=770501001
ПолучательРасчСчет=40702810000000013449
ПолучательБанк1=АО "РАЙФФАЙЗЕНБАНК", Г. МОСКВА
ПолучательБИК=044525700
ПолучательКорсчет=30101810200000000700
ВидПлатежа=
ВидОплаты=
Код=
СтатусСоставителя=
ПоказательКБК=
ОКАТО=
ПоказательОснования=
ПоказательПериода=
ПоказательНомера=
ПоказательДаты=
ПоказательТипа=
Очередность=0
НазначениеПлатежа=Выплата процентов на основании Договора о порядке начисления процентов по счетам участников пула №  7757-00-02603 от 10.07.2017 г.
КонецДокумента
СекцияДокумент=Платежное поручение
Номер=277
Дата=19.07.2018
Сумма=28085.43
ПлательщикСчет=30233810300000000093
Плательщик=АО "АЛЬФА-БАНК"
ПлательщикИНН=7728168971
ПлательщикКПП=
ПлательщикРасчСчет=30233810300000000093
ПлательщикБанк1=АО "АЛЬФА-БАНК", Г. МОСКВА
ПлательщикБИК=044525593
ПлательщикКорсчет=30101810200000000593
ПолучательСчет=40702810000000013449
ДатаПоступило=19.07.2018
Получатель=ООО Яндекс.Вертикали
ПолучательИНН=7704340327
ПолучательКПП=770501001
ПолучательРасчСчет=40702810000000013449
ПолучательБанк1=АО "РАЙФФАЙЗЕНБАНК", Г. МОСКВА
ПолучательБИК=044525700
ПолучательКорсчет=30101810200000000700
ВидПлатежа=
ВидОплаты=01
Код=
СтатусСоставителя=
ПоказательКБК=
ОКАТО=
ПоказательОснования=
ПоказательПериода=
ПоказательНомера=
ПоказательДаты=
ПоказательТипа=
Очередность=5
НазначениеПлатежа=Возм 10087277/1 от 05.02.2016 YANDEX.REALTY 823395 Р. 17072018 К.558.57
КонецДокумента
СекцияДокумент=Платежное поручение
Номер=315
Дата=19.07.2018
Сумма=74309
ПлательщикСчет=40702810004000092318
Плательщик=ООО "Лада-Сервис"
ПлательщикИНН=7806027353
ПлательщикКПП=780601001
ПлательщикРасчСчет=40702810004000092318
ПлательщикБанк1=ПАО БАНК "СИАБ", Г. САНКТ-ПЕТЕРБУРГ
ПлательщикБИК=044030757
ПлательщикКорсчет=30101810600000000757
ПолучательСчет=40702810000000013449
ДатаПоступило=19.07.2018
Получатель=ООО Яндекс.Вертикали
ПолучательИНН=7704340327
ПолучательКПП=770501001
ПолучательРасчСчет=40702810000000013449
ПолучательБанк1=АО "РАЙФФАЙЗЕНБАНК", Г. МОСКВА
ПолучательБИК=044525700
ПолучательКорсчет=30101810200000000700
ВидПлатежа=
ВидОплаты=01
Код=
СтатусСоставителя=
ПоказательКБК=
ОКАТО=
ПоказательОснования=
ПоказательПериода=
ПоказательНомера=
ПоказательДаты=
ПоказательТипа=
Очередность=5
НазначениеПлатежа=Возврат остатка обеспечительного платежа по дог.N10128233 от 27.03.2017г. НДС не облагается
КонецДокумента
СекцияДокумент=Платежное поручение
Номер=201
Дата=19.07.2018
Сумма=120334.19
ПлательщикСчет=30233810300000000093
Плательщик=АО "АЛЬФА-БАНК"
ПлательщикИНН=7728168971
ПлательщикКПП=
ПлательщикРасчСчет=30233810300000000093
ПлательщикБанк1=АО "АЛЬФА-БАНК", Г. МОСКВА
ПлательщикБИК=044525593
ПлательщикКорсчет=30101810200000000593
ПолучательСчет=40702810000000013449
ДатаПоступило=19.07.2018
Получатель=ООО Яндекс.Вертикали
ПолучательИНН=7704340327
ПолучательКПП=770501001
ПолучательРасчСчет=40702810000000013449
ПолучательБанк1=АО "РАЙФФАЙЗЕНБАНК", Г. МОСКВА
ПолучательБИК=044525700
ПолучательКорсчет=30101810200000000700
ВидПлатежа=
ВидОплаты=01
Код=
СтатусСоставителя=
ПоказательКБК=
ОКАТО=
ПоказательОснования=
ПоказательПериода=
ПоказательНомера=
ПоказательДаты=
ПоказательТипа=
Очередность=5
НазначениеПлатежа=Возм 10087277 от 05.02.2016 YANDEX.AUTO.RU 821426 Р. 17072018 К.2296.81
КонецДокумента
СекцияДокумент=Платежное поручение
Номер=19355
Дата=19.07.2018
Сумма=225839.94
ПлательщикСчет=47422810033204566704
Плательщик=ООО НКО "Яндекс.Деньги"
ПлательщикИНН=7750005725
ПлательщикКПП=770501001
ПлательщикРасчСчет=47422810033204566704
ПлательщикБанк1=ООО НКО "ЯНДЕКС.ДЕНЬГИ", Г. МОСКВА
ПлательщикБИК=044525444
ПлательщикКорсчет=30103810945250000444
ПолучательСчет=40702810000000013449
ДатаПоступило=19.07.2018
Получатель=ООО Яндекс.Вертикали
ПолучательИНН=7704340327
ПолучательКПП=770501001
ПолучательРасчСчет=40702810000000013449
ПолучательБанк1=АО "РАЙФФАЙЗЕНБАНК", Г. МОСКВА
ПолучательБИК=044525700
ПолучательКорсчет=30101810200000000700
ВидПлатежа=
ВидОплаты=01
Код=
СтатусСоставителя=
ПоказательКБК=
ОКАТО=
ПоказательОснования=
ПоказательПериода=
ПоказательНомера=
ПоказательДаты=
ПоказательТипа=
Очередность=5
НазначениеПлатежа=//Реестр//  Количество 2216. Перечисление денежных средств по договору НЭК.45667.04 по реестру за 18.07.2018. Без НДС
КонецДокумента
СекцияДокумент=Платежное поручение
Номер=19356
Дата=19.07.2018
Сумма=1574476.08
ПлательщикСчет=47422810733204566703
Плательщик=ООО НКО "Яндекс.Деньги"
ПлательщикИНН=7750005725
ПлательщикКПП=770501001
ПлательщикРасчСчет=47422810733204566703
ПлательщикБанк1=ООО НКО "ЯНДЕКС.ДЕНЬГИ", Г. МОСКВА
ПлательщикБИК=044525444
ПлательщикКорсчет=30103810945250000444
ПолучательСчет=40702810000000013449
ДатаПоступило=19.07.2018
Получатель=ООО Яндекс.Вертикали
ПолучательИНН=7704340327
ПолучательКПП=770501001
ПолучательРасчСчет=40702810000000013449
ПолучательБанк1=АО "РАЙФФАЙЗЕНБАНК", Г. МОСКВА
ПолучательБИК=044525700
ПолучательКорсчет=30101810200000000700
ВидПлатежа=
ВидОплаты=01
Код=
СтатусСоставителя=
ПоказательКБК=
ОКАТО=
ПоказательОснования=
ПоказательПериода=
ПоказательНомера=
ПоказательДаты=
ПоказательТипа=
Очередность=5
НазначениеПлатежа=//Реестр//  Количество 3983. Перечисление денежных средств по договору НЭК.45667.03 по реестру за 18.07.2018. Без НДС
КонецДокумента
СекцияДокумент=Платежное поручение
Номер=74891
Дата=19.07.2018
Сумма=3304000
ПлательщикСчет=40702810600014307627
Плательщик=ООО "ЯНДЕКС"
ПлательщикИНН=7736207543
ПлательщикКПП=997750001
ПлательщикРасчСчет=40702810600014307627
ПлательщикБанк1=АО ЮНИКРЕДИТ БАНК, Г. МОСКВА
ПлательщикБИК=044525545
ПлательщикКорсчет=30101810300000000545
ПолучательСчет=40702810000000013449
ДатаПоступило=19.07.2018
Получатель=ООО Яндекс.Вертикали
ПолучательИНН=7704340327
ПолучательКПП=770501001
ПолучательРасчСчет=40702810000000013449
ПолучательБанк1=АО "РАЙФФАЙЗЕНБАНК", Г. МОСКВА
ПолучательБИК=044525700
ПолучательКорсчет=30101810200000000700
ВидПлатежа=
ВидОплаты=01
Код=
СтатусСоставителя=
ПоказательКБК=
ОКАТО=
ПоказательОснования=
ПоказательПериода=
ПоказательНомера=
ПоказательДаты=
ПоказательТипа=
Очередность=5
НазначениеПлатежа=Оплата по сч. NБ-847137770-1, по дог. N 88075/18 . В том числе НДС (18%): 504 000,00 руб.
КонецДокумента
КонецФайла