1CClientBankExchange
ВерсияФормата=1.02
Кодировка=windows-1251
Отправитель=
Получатель=
ДатаСоздания=09.10.2017
ВремяСоздания=11:12:20
ДатаНачала=06.10.2017
ДатаКонца=06.10.2017
РасчСчет=40702810500001400742
СекцияРасчСчет
ДатаНачала=06.10.2017
ДатаКонца=06.10.2017
РасчСчет=40702810500001400742
НачальныйОстаток=21456739.82
ВсегоСписано=14051303.34
ВсегоПоступило=34678918.38
КонечныйОстаток=42084354.86
КонецРасчСчет
СекцияДокумент=Платежное поручение
Номер=89761
Дата=06.10.2017
Сумма=15
ПлательщикСчет=40702810500001400742
ДатаСписано=06.10.2017
Плательщик=ООО ЯНДЕКС 
ПлательщикИНН=7736207543
ПлательщикКПП=616445002
ПлательщикРасчСчет=40702810500001400742
ПлательщикБанк1=АО "Райффайзенбанк"
ПлательщикБИК=044525700
ПлательщикКорсчет=30101810200000000700
ПолучательСчет=40101810400000010002
Получатель=УФК по РО (для ИФНС России по Ленинскому району г. Ростов-на-Дону)
ПолучательИНН=6152001137
ПолучательКПП=616401001
ПолучательРасчСчет=40101810400000010002
ПолучательБанк1=ОТДЕЛЕНИЕ РОСТОВ-НА-ДОНУ, Г. РОСТОВ-НА-ДОНУ
ПолучательБИК=046015001
ПолучательКорсчет=
ВидПлатежа=
ВидОплаты=01
Код=0
СтатусСоставителя=02
ПоказательКБК=18210102010011000110
ОКАТО=60701000
ПоказательОснования=ТП
ПоказательПериода=МС.10.2017
ПоказательНомера=0
ПоказательДаты=0
ПоказательТипа=0
Очередность=5
НазначениеПлатежа=Налог на доходы физических лиц,за октябрь 2017 г.
КонецДокумента
КонецФайла
