1CClientBankExchange
ВерсияФормата=1.01
Кодировка=windows-1251
Отправитель=
Получатель=
ДатаСоздания=27.06.2018
ВремяСоздания=00:00:00
ДатаНачала=26.06.2018
ДатаКонца=26.06.2018
РасчСчет=40702840338000001463
СекцияРасчСчет
ДатаНачала=26.06.2018
ДатаКонца=26.06.2018
РасчСчет=40702840338000001463
НачальныйОстаток=10000.00
ВсегоСписано=0.00
ВсегоПоступило=18.13
КонечныйОстаток=10018.13
КонецРасчСчет
СекцияДокумент=Прочее
Номер=doc_number
Дата=26.06.2018
Сумма=summ
ПлательщикСчет=account
ДатаСписано=
Плательщик=name
ПлательщикИНН=inn
ПлательщикКПП=666666666
ПлательщикРасчСчет=account
ПлательщикБанк1=wwwwwwwwww
ПлательщикБИК=bik
ПлательщикКорсчет=66666666666666666666
ПолучательСчет=40702840338000001463
ДатаПоступило=26.06.2018
Получатель=name
ПолучательИНН=118911119
ПолучательКПП=666696666
ПолучательРасчСчет=66666666666666666666
ПолучательБанк1=wwwwwwwwww
ПолучательБИК=544030653
ПолучательКорсчет=66666666666666666666
ВидПлатежа=
ВидОплаты=01
Код=
СтатусСоставителя=
ПоказательКБК=
ОКАТО=
ПоказательОснования=
ПоказательПериода=
ПоказательНомера=
ПоказательДаты=
ПоказательТипа=
Очередность=5
НазначениеПлатежа=ground
КонецДокумента
КонецФайла