0000 01INGBNL2AXXXX00001
0000 01INGBNL2AXXXX00001
940 00
:20:ING
:25:NL04INGB0007811649EUR
:28C:51
:60F:C180312EUR175,30
:62F:C180313EUR175,30
:64:C180313EUR175,30
:65:C180314EUR175,30
:65:C180315EUR175,30
:86:D000000C000000D0,00C0,00
-XXX
0000 01INGBNL2AXXXX00002
0000 01INGBNL2AXXXX00002
940 00
:20:ING
:25:NL89INGB0020118449USD
:28C:51
:60F:C180312USD1161925,32
:61:180315C10500000,00NTRFGMTZTYXEBMZZBDMB
:86:/ORDP/NL02INGB0020106920//MLU B.V./NL 1118 BG  SCHIPHOL//REMI///Z
IE KENNISGEVING    UC2018031300108USD   10.500.000,00            
    NL02INGB0020106920                 MLU B.V. SCHIPHOL BOULEVAR
D 165    PAY(4442471) -XXX PREMIUM/
:61:180313D9235069,90NTRFREF2440452
:86:/BENM/NL43INGB0020010540//YANDEX N.V. LN COPES VAN CATTENBURCH 52
,/LN COPES VAN CATTENBURCH 52//REMI///BETREFT TRANSACTIE  GMCWOAF
OPMN5WSMUSD      9.235.069,90              NL43INGB0020010540    
             YANDEX N.V. LN COPES VAN CATTENBURCTRANS. REFERENCE:
 REF2440452       PAY(4441692)REFUND OF LOAN (30 DATED 22-12-17)/
:61:180313D71,87NTRFREF2440452
:86:/REMI///BETREFT TRANSACTIE  GMCWOAFOPMN5WSMTRANS. REFERENCE: REF2
440452       TRANSFERPROVISIE  USD 61,96        SPOEDTOESLAG     
 USD 9,91/
:61:180313D2400000,00NTRFNONREF
:86:/REMI///DEPO Taken trade 24597849          with ING Bank N.V. Ams
terdam       Start-End 13/03/2018-14/03/2018    Interest Rate 1.3
7                 REF CL2018031300806/
:62F:C180313USD26783,55
:64:D180313USD10473216,45
:65:D180314USD10473216,45
:65:C180315USD26783,55
:86:D000003C000001D11635141,77C10500000,00
-XXX
0000 01INGBNL2AXXXX00003
0000 01INGBNL2AXXXX00003
940 00
:20:TLLB102318355178
:25:NL04INGB0007811648EUR
:28C:205
:60F:C181022EUR20871,19
:61:181023D323,10NTRFNONE//000004384700001D
REVERSAL OF OUR CREDIT DD 22OCT201
:61:181023C7122,54NTRF9930293E52525237//DINN02306667877
SIX PAYMENT SERVICES AG
:86:/REMI///SIX PAYMENT SERVICES AG -HARDTURMSTRASSE 201 8005 ZUERICH
 -ALL  /   7270.00/NR.0090045646/KOM.   147.46/DAT.19.10.2018/YAN
DEX EUROPE AG    /LUZERNCSTPMT/
:61:181023C2701,22NTRF9930294E52526217//DINN02306667875
SIX PAYMENT SERVICES AG
:86:/REMI///SIX PAYMENT SERVICES AG -HARDTURMSTRASSE 201 8005 ZUERICH
 -ALL  /   2757.00/NR.0000020746/KOM.    55.78/DAT.20.10.2018/YAN
DEX EUROPE AG    /LUZERNCSTPMT/
:61:181023C974,74NTRF9930295E52527170//DINN02306667876
SIX PAYMENT SERVICES AG
:86:/REMI///SIX PAYMENT SERVICES AG -HARDTURMSTRASSE 201 8005 ZUERICH
 -ALL  /    995.00/NR.0010009046/KOM.    20.26/DAT.21.10.2018/YAN
DEX EUROPE AG    /LUZERNCSTPMT/
:61:181023C839,90NTRF0282037408004115//EINN02306666764
NEO.OGILVY CZECH, S.R.O. CZ5026000
:86:/REMI////VS86255810/SS/KS0308CZ5026000000002052350204/CITICZPXNEO
.OGILVY CZECH, S.R.O.86255810/
:62F:C181023EUR32186,49
:64:C181023EUR32186,49
:65:C181024EUR32186,49
:65:C181025EUR32186,49
:86:D000001C000004D323,10C11638,40
-XXX
