1CClientBankExchange
ВерсияФормата=1.01
Кодировка=Windows
Получатель=
ДатаНачала=11.06.2020
ДатаКонца=11.06.2020
РасчСчет=KZ344322203398A01259
СекцияРасчСчет
ДатаНачала=11.06.2020
ДатаКонца=11.06.2020
РасчСчет=KZ344322203398A01259
НачальныйОстаток=0.00
КонечныйОстаток=125400.00
КонецРасчСчет
СЕКЦИЯДОКУМЕНТ=выписка
НомерДокумента=1179544
ДатаДокумента=20.05.2020
ВидДокумента=ПлатежноеПоручение
ПолучательНаименование= Дочерняя организация АО Банк ВТБ (Казахстан) 
ПолучательБИН_ИИН=080940010300
ПолучательИИК=KZ334321838398A02090
ПлательщикНаименование= ТОО "ЯНДЕКС.ТАКСИ КОРП" 
ПлательщикБИН_ИИН=160540014930
ПлательщикИИК=KZ344322203398A01259
СуммаРасход=14400.00
ДатаОперации=11.06.2020
НазначениеПлатежа=Подлежит оплате по новым реквизитам согласно  Комиссия за выпуск 3-х ключей системы ДБО "Интернет-Банкинг", согласно льготным тарифам Банка.
ПлательщикБанкБИК=VTBAKZKZ
КонецДокумента
СЕКЦИЯДОКУМЕНТ=выписка
НомерДокумента=1179509
ДатаДокумента=20.05.2020
ВидДокумента=ПлатежноеПоручение
ПолучательНаименование= Дочерняя организация АО Банк ВТБ (Казахстан) 
ПолучательБИН_ИИН=080940010300
ПолучательИИК=KZ334321838398A02090
ПлательщикНаименование= ТОО "ЯНДЕКС.ТАКСИ КОРП" 
ПлательщикБИН_ИИН=160540014930
ПлательщикИИК=KZ344322203398A01259
СуммаРасход=4000.00
ДатаОперации=11.06.2020
НазначениеПлатежа=Подлежит оплате по новым реквизитам согласно  Комиссия за подключение СДБО "Интернет-Банкинг", согласно льготным тарифам Банка. 
ПлательщикБанкБИК=VTBAKZKZ
КонецДокумента
СЕКЦИЯДОКУМЕНТ=выписка
НомерДокумента=1179504
ДатаДокумента=20.05.2020
ВидДокумента=ПлатежноеПоручение
ПолучательНаименование= Дочерняя организация АО Банк ВТБ (Казахстан) 
ПолучательБИН_ИИН=080940010300
ПолучательИИК=KZ604321837398A00004
ПлательщикНаименование= ТОО "ЯНДЕКС.ТАКСИ КОРП" 
ПлательщикБИН_ИИН=160540014930
ПлательщикИИК=KZ344322203398A01259
СуммаРасход=5000.00
ДатаОперации=11.06.2020
НазначениеПлатежа=Подлежит оплате по новым реквизитам согласно  Комиссия за открытие счетов №KZ344322203398A01259 (KZT), №KZ204322203643A00545 (RUB) и №KZ614322203840A00646 (USD), согласно тарифам Банка. 
ПлательщикБанкБИК=VTBAKZKZ
КонецДокумента
СЕКЦИЯДОКУМЕНТ=выписка
НомерДокумента=1232307
ДатаДокумента=28.05.2020
ВидДокумента=ПлатежноеПоручение
ПолучательНаименование= Дочерняя организация АО Банк ВТБ (Казахстан) 
ПолучательБИН_ИИН=080940010300
ПолучательИИК=KZ334321838398A02090
ПлательщикНаименование= ТОО "ЯНДЕКС.ТАКСИ КОРП" 
ПлательщикБИН_ИИН=160540014930
ПлательщикИИК=KZ344322203398A01259
СуммаРасход=1200.00
ДатаОперации=11.06.2020
НазначениеПлатежа=Подлежит оплате по новым реквизитам согласно  Ежемесячная абонентская плата за использование  системы "VTB Online banking" (в том числе НДС)май 2020г.
ПлательщикБанкБИК=VTBAKZKZ
КонецДокумента
СЕКЦИЯДОКУМЕНТ=выписка
НомерДокумента=171
ДатаДокумента=11.06.2020
ВидДокумента=ПлатежноеПоручение
ПолучательНаименование= ТОО "Яндекс.Такси Корп" 
ПолучательБИН_ИИН=160540014930
ПолучательИИК=KZ344322203398A01259
ПлательщикНаименование= Товарищество с ограниченной ответственностью "Яндекс.Такси К 
ПлательщикБИН_ИИН=160540014930
ПлательщикИИК=KZ119470398991063968
СуммаПриход=150000.00
ДатаОперации=11.06.2020
НазначениеПлатежа=Переводы клиентом денег со своего текущего счета в одном банке на свой текущий счет в другом банке
ПлательщикБанкБИК=ALFAKZKA
КонецДокумента
КонецФайла
