1CClientBankExchange
ВерсияФормата=2.00
Кодировка=Windows
Отправитель=Colvir Banking System 2
Получатель=Товарищество с Ограниченной Ответственностью "ТОН"
ДатаСоздания=02.03.2017
ВремяСоздания=10:34:09
ДатаНачала=02.03.2017
ДатаКонца=02.03.2017
РасчСчет=KZ123456789012345678
СекцияРасчСчет
ДатаНачала=02.03.2017
ДатаКонца=02.03.2017
РасчСчет=KZ123456789012345678
НачальныйОстаток=1972412.71
ВсегоПоступило=0
ВсегоСписано=6
КонечныйОстаток=1972406.71
КонецРасчСчет
СекцияДокумент=Выписка
ВидДокумента=ПлатежноеПоручение
ДатаОперации=02.03.2017
СуммаПриход=0.00
СуммаРасход=6.00
СекцияДокумент=ПлатежноеПоручение
НомерДокумента=34
ДатаДокумента=01.03.2017
ПлательщикНаименование=ТОО "ТОН"
ПлательщикБИН_ИИН=110440015004
ПлательщикКБЕ=17
ПлательщикИИК=KZ123456789012345678
ПлательщикБанкНаименование=АО "ДОЧЕРНИЙ БАНК "АЛЬФА-БАНК",  
ПлательщикБанкБИК=ALFAKZKA
ПолучательНаименование=Товарищество с Ограниченной Ответственностью "ТОН"
ПолучательБИН_ИИН=110440015004
ПолучательКБЕ=17
ПолучательИИК=KZ123456789012345638
ПолучательБанкНаименование=АО "ДОЧЕРНИЙ БАНК "АЛЬФА-БАНК",  
ПолучательБанкБИК=ALFAKZKA
НазначениеПлатежа=собс срва
ДатаВалютирования=02.03.2017
Сумма=6.00
ГлавныйБухгалтер=Не предусмотрен
Руководитель=Сулейменов Н.К.
КодНазначениеПлатежа=342
КонецДокумента
КонецФайла
