0000 01INGBNL2AXXXX00001
0000 01INGBNL2AXXXX00001
940 00
:20:ING
:25:NL51INGB0020015925USD
:28C:33
:60F:C180214USD46153,97
:61:180215C10800411,00NTRFNONREF
:86:/REMI///DEPO Taken 24159938                met ING Bank N.V. Amst
erdam        Start-Eind 14/02/2018-15/02/2018   Rente 1.37       
                  REF CL2018021401625/
:61:180215C2995,00NTRFS06804509CE401
:86:/ORDP/CY98005001400001400173397801//SUNTECHSOFT CORP LIMITED/GIBR
ALTAR//REMI///ZIE KENNISGEVING    GE2018021514295USD        2.995
,00                CY98005001400001400173397801       SUNTECHSOFT
 CORP LIMITED           INV. EU-645860401-1 DD. 12.02.2018 FOR AD
VERTISING CAMPAIGN/
:61:180215D10500000,00NTRFNONREF
:86:/REMI///DEPO Taken 24203110                met ING Bank N.V. Amst
erdam        Start-Eind 15/02/2018-16/02/2018   Rente 1.32       
                  REF CL2018021500882/
:61:180215C964,05NTRFSW1402003140450
:86:/ORDP//HBUKGB4B/BLOOMSBURY INTERNATIONAL (UK) LIMIT/A 2DB GB//REM
I///ZIE KENNISGEVING    GE2018021529687EUR          775,71       
         BLOOMSBURY INTERNATIONAL (UK) LIMITED:6-7 SOUTHAMPTON PL
ACE LONDON WC1/RFB/RBD14028AN46MFGG//INVOICE NO. EU 650509606 1/
:62F:C180215USD350524,02
:64:C180215USD350524,02
:65:C180216USD350524,02
:65:C180217USD350524,02
:86:D000001C000003D10500000,00C10804370,05
-XXX
