<?xml version="1.0" encoding="UTF-8"?>
<Document xmlns="urn:iso:std:iso:20022:tech:xsd:camt.053.001.02" xmlns:xsi="http://www.w3.org/2001/XMLSchema-instance">
<BkToCstmrStmt>
<GrpHdr>
	<MsgId>IMBKRUMM6772062017031700:00:000000</MsgId>
	<CreDtTm>2017-03-17T00:00:00+03:00</CreDtTm>
</GrpHdr>
<Stmt>
	<Id>677206RUR401102001/2017-03-16/11</Id>
	<ElctrncSeqNb>11</ElctrncSeqNb>
	<CreDtTm>2017-03-16T00:00:00+03:00</CreDtTm>
	<FrToDt><FrDtTm>2017-03-16T00:00:00+03:00</FrDtTm><ToDtTm>2017-03-16T00:00:00+03:00</ToDtTm></FrToDt>
	<Acct>
		<Id><Othr><Id>40702810600014307627</Id><SchmeNm><Cd>BBAN</Cd></SchmeNm></Othr></Id>
		<Ccy>RUB</Ccy>
		<Ownr>
			<Nm>OOOY</Nm>
			<Id><OrgId><Othr><Id>677206</Id><SchmeNm><Cd>BANK</Cd></SchmeNm></Othr></OrgId></Id>
		</Ownr>
		<Svcr><FinInstnId><BIC>IMBKRUMM</BIC></FinInstnId></Svcr>
	</Acct>
	<Bal>
		<Tp><CdOrPrtry><Cd>OPBD</Cd></CdOrPrtry></Tp>
		<Amt Ccy="RUB">0.00</Amt>
		<CdtDbtInd>CRDT</CdtDbtInd>
		<Dt><Dt>2017-03-16</Dt></Dt>
	</Bal>
	<Bal>
		<Tp><CdOrPrtry><Cd>CLBD</Cd></CdOrPrtry></Tp>
		<Amt Ccy="RUB">1.50</Amt>
		<CdtDbtInd>CRDT</CdtDbtInd>
		<Dt><Dt>2017-03-18</Dt></Dt>
	</Bal>
	<TxsSummry>
		<TtlCdtNtries><NbOfNtries>1</NbOfNtries><Sum>1.50</Sum></TtlCdtNtries>
		<TtlDbtNtries><NbOfNtries>0</NbOfNtries><Sum>0.00</Sum></TtlDbtNtries>
	</TxsSummry>
<Ntry>
	<NtryRef>1</NtryRef>
	<Amt Ccy="RUB">1.50</Amt>
	<CdtDbtInd>CRDT</CdtDbtInd>
	<Sts>BOOK</Sts>
	<BookgDt><Dt>2017-03-16</Dt></BookgDt>
	<ValDt><Dt>2017-03-16</Dt></ValDt>
	<AcctSvcrRef>TQ6666666666</AcctSvcrRef>
	<BkTxCd>

		<Domn><Cd>PMNT</Cd><Fmly><Cd>ICDT</Cd><SubFmlyCd>NTAV</SubFmlyCd></Fmly></Domn>

		<Prtry><Cd>FTRF</Cd></Prtry>
	</BkTxCd>
	<NtryDtls>
		<TxDtls>
			<Refs><EndToEndId>11</EndToEndId></Refs>
			<RltdPties>
				<Dbtr>
					<Nm>www www www</Nm>
					<Id>
						<OrgId>
							<Othr><Id>1181111110</Id><SchmeNm><Cd>TXID</Cd></SchmeNm></Othr>
						</OrgId>
					</Id>
				</Dbtr>
				<DbtrAcct><Id><Othr><Id>66666666666666666666</Id><SchmeNm><Cd>BBAN</Cd></SchmeNm></Othr></Id></DbtrAcct>
				<Cdtr>
					<Nm>www www www</Nm>
					<Id>
						<OrgId>
							<Othr><Id>1181111110</Id><SchmeNm><Cd>TXID</Cd></SchmeNm></Othr>
						</OrgId>
					</Id>
				</Cdtr>
				<CdtrAcct><Id><Othr><Id>66666666666666666666</Id><SchmeNm><Cd>BBAN</Cd></SchmeNm></Othr></Id></CdtrAcct>
			</RltdPties>
			<RltdAgts>
				<DbtrAgt>
					<FinInstnId>
						<ClrSysMmbId><ClrSysId><Cd>RUCBC</Cd></ClrSysId><MmbId>666666666</MmbId></ClrSysMmbId>
						<Nm>wwwwwwwwww</Nm>
						<Othr><Id>66666666666666666666</Id></Othr>
					</FinInstnId>
				</DbtrAgt>
				<CdtrAgt>
					<FinInstnId>
						<ClrSysMmbId><ClrSysId><Cd>RUCBC</Cd></ClrSysId><MmbId>666666666</MmbId></ClrSysMmbId>
						<Nm>wwwwwwwwww</Nm>
						<Othr><Id>66666666666666666666</Id></Othr>
					</FinInstnId>
				</CdtrAgt>
			</RltdAgts>

			<RmtInf>
				<Ustrd>EU-17720662-1</Ustrd>

				<Strd>
					<RfrdDocInf><Tp><CdOrPrtry><Prtry>POD</Prtry></CdOrPrtry></Tp><RltdDt>2017-03-16</RltdDt></RfrdDocInf>				</Strd>
			</RmtInf>

		</TxDtls>
	</NtryDtls>
</Ntry>
</Stmt>
</BkToCstmrStmt>
</Document>