1CClientBankExchange
ВерсияФормата=1.01
Кодировка=Windows
Получатель=
ДатаНачала=28.06.2018
ДатаКонца=28.06.2018
РасчСчет=40702840700060021883
СекцияРасчСчет
ДатаНачала=28.06.2018
ДатаКонца=28.06.2018
РасчСчет=40702840700060021883
НачальныйОстаток=10000.00
ВсегоПоступило=0.00
ВсегоСписано=0.00
КонечныйОстаток=10000.00
КонецРасчСчет
КонецФайла