1CClientBankExchange
ВерсияФормата=1.03
Кодировка=Windows
Получатель=Петров
Отправитель=Иванов
ДатаСоздания=18.05.2022
ВремяСоздания=09:00:00
ДатаНачала=17.05.2022
ДатаКонца=17.05.2022
РасчСчет=10000000000000000001

СекцияРасчСчет
ДатаНачала=17.05.2022
ДатаКонца=17.05.2022
РасчСчет=10000000000000000001
НачальныйОстаток=10.10
ВсегоПоступило=0.00
ВсегоСписано=5.00
КонечныйОстаток=5.10
КонецРасчСчет

СекцияДокумент=Платежное поручение
Дата=17.05.2022
Номер=15
Сумма=5.00
ДатаСписано=17.05.2022
ПлательщикСчет=10000000000000000001
ПлательщикРасчСчет=10000000000000000001
ПлательщикБИК=000000001
ПолучательСчет=20000000000000000002
ПолучательРасчСчет=20000000000000000002
ПолучательБИК=000000002
НазначениеПлатежа=эмуляция
ПлательщикИНН=1000000001
ПлательщикКПП=100000001
Плательщик=Отправлю
ПлательщикКорсчет=
ПлательщикБанк1=ОАО ОТПРАВБАНК
ПолучательИНН=1000000001
ПолучательКПП=100000001
Получатель=Получу
ПолучательКорсчет=
ПолучательБанк1=ОАО ПОЛУЧБАНК
ВидПлатежа=
ВидОплаты=01
СтатусСоставителя=02
ПоказательКБК=
ОКАТО=
ПоказательОснования=
ПоказательПериода=
ПоказательНомера=
ПоказательДаты=
ПоказательТипа=
Очередность=5
Код=0
КодНазПлатежа=
КонецДокумента

КонецФайла
