{1:F01SABRRUMMAXXX0000000000}{2:I940SABRRUMMXXXXN}{4:
:20:V3806180629+0001
:25:40702933238001000124
:28C:00011/00001
:60F:C180629BYN0,
:61:180629CN425,NTRF1
:86:/ORDP/BY41ALFA30122126240150270000 ENTERNETAV  OOO RBG.MINSK
 UL. SURG ANOVA 58,IZOLIROVANNOE POM 5, CASTXKAB 23/REMI/OPLATA 
ZA REKLAMNYE USLUGI ANDEKS.MARKET PO SCETU 'j'BR-943838132-1 'j'
OT 28.06.2018 G. 'j(j'DOGOVOR OFERTY'j). j'KOD 'j'VO20100'j'
:61:180629CN40,NTRF1
:86:/ORDP/BY31UNBS30131463700050000933 INDIVIDUALXNYI PREDPRINIM
ATELX BOIKO IVAN SERGEEVIC G. MINSK, 220094, UL. GOROVCA, D. 4, 
KV. 97/REMI/PO - 0, PREDOPLATA ZA REKLAMU  USLUGI ANDEKS MARKET 
 SOGLASNO SCETA 'j'BR 945683445-1 'j'OT 29 IUNA 2018.KOD VALUTNO
I OPERACII 'j'VO20100'j'BEZ NDS
:62F:C180629BYN465,
-}