1CClientBankExchange
ВерсияФормата=1.01
Кодировка=windows-1251
Отправитель=
Получатель=
ДатаСоздания=29.06.2018
ВремяСоздания=00:00:00
ДатаНачала=28.06.2018
ДатаКонца=28.06.2018
РасчСчет=40702810138110105942
СекцияРасчСчет
ДатаНачала=28.06.2018
ДатаКонца=28.06.2018
РасчСчет=40702810138110105942
НачальныйОстаток=10000.00
ВсегоСписано=0.00
ВсегоПоступило=13.00
КонечныйОстаток=10013.00
КонецРасчСчет
СекцияДокумент=Прочее
Номер=11
Дата=28.06.2018
Сумма=13.00
ПлательщикСчет=66666666666666666666
ДатаСписано=
Плательщик=www www www
ПлательщикИНН=118111111
ПлательщикКПП=666666666
ПлательщикРасчСчет=66666666666666666666
ПлательщикБанк1=wwwwwwwwww
ПлательщикБИК=666666666
ПлательщикКорсчет=66666666666666666666
ПолучательСчет=40702810138110105942
ДатаПоступило=28.06.2018
Получатель=www www www
ПолучательИНН=118111111
ПолучательКПП=666666666
ПолучательРасчСчет=66666666666666666666
ПолучательБанк1=wwwwwwwwww
ПолучательБИК=666666666
ПолучательКорсчет=66666666666666666666
ВидПлатежа=
ВидОплаты=17
Код=
СтатусСоставителя=
ПоказательКБК=
ОКАТО=
ПоказательОснования=
ПоказательПериода=
ПоказательНомера=
ПоказательДаты=
ПоказательТипа=
Очередность=5
НазначениеПлатежа=ндс по комиссии 0fbb5e980b464e878d4
КонецДокумента
КонецФайла