<?xml version="1.0" encoding="UTF-8"?><Document xmlns="urn:iso:std:iso:20022:tech:xsd:camt.053.001.02" xsi:schemaLocation="urn:iso:std:iso:20022:tech:xsd:camt.053.001.02 camt.053.001.02.xsd" xmlns:xsi="http://www.w3.org/2001/XMLSchema-instance">
<BkToCstmrStmt>
<GrpHdr>
<MsgId>363098875</MsgId>
<CreDtTm>2021-08-27T07:03:36+01:00</CreDtTm>
<MsgRcpt>
<Nm>UBER ML BV</Nm>
</MsgRcpt>
<AddtlInf>/EODY/</AddtlInf>
</GrpHdr>
<Stmt>
<Id>9400124594532033</Id>
<ElctrncSeqNb>169</ElctrncSeqNb>
<CreDtTm>2021-08-27T07:03:36+01:00</CreDtTm>
<FrToDt>
<FrDtTm>2021-08-26T00:00:00</FrDtTm>
<ToDtTm>2021-08-26T23:59:59</ToDtTm>
</FrToDt>
<RptgSrc>
<Cd>ACCT</Cd>
</RptgSrc>
<Acct>
<Id>
<Othr>
<Id>13044246</Id>
<SchmeNm>
<Prtry>CITI</Prtry>
</SchmeNm>
</Othr>
</Id>
<Ccy>USD</Ccy>
<Nm>UBER ML BV</Nm>
<Ownr>
<Nm>UBER ML BV</Nm>
</Ownr>
<Svcr>
<FinInstnId>
<BIC>CITIGB22</BIC>
<Nm>CITIBANK NA LONDON</Nm>
</FinInstnId>
<BrnchId>
<Id>600</Id>
<Nm>CITIBANK NA LONDON</Nm>
</BrnchId>
</Svcr>
</Acct>
<Bal>
<Tp>
<CdOrPrtry>
<Cd>OPBD</Cd>
</CdOrPrtry>
</Tp>
<Amt Ccy="USD">9689.24</Amt>
<CdtDbtInd>CRDT</CdtDbtInd>
<Dt>
<Dt>2021-08-26</Dt>
</Dt>
</Bal>
<Bal>
<Tp>
<CdOrPrtry>
<Cd>CLBD</Cd>
</CdOrPrtry>
</Tp>
<Amt Ccy="USD">59607.10</Amt>
<CdtDbtInd>CRDT</CdtDbtInd>
<Dt>
<Dt>2021-08-26</Dt>
</Dt>
</Bal>
<Bal>
<Tp>
<CdOrPrtry>
<Cd>OPAV</Cd>
</CdOrPrtry>
</Tp>
<Amt Ccy="USD">9689.24</Amt>
<CdtDbtInd>CRDT</CdtDbtInd>
<Dt>
<Dt>2021-08-26</Dt>
</Dt>
</Bal>
<Bal>
<Tp>
<CdOrPrtry>
<Cd>CLAV</Cd>
</CdOrPrtry>
</Tp>
<Amt Ccy="USD">59607.10</Amt>
<CdtDbtInd>CRDT</CdtDbtInd>
<Dt>
<Dt>2021-08-26</Dt>
</Dt>
</Bal>
<Bal>
<Tp>
<CdOrPrtry>
<Cd>PRCD</Cd>
</CdOrPrtry>
</Tp>
<Amt Ccy="USD">9689.24</Amt>
<CdtDbtInd>CRDT</CdtDbtInd>
<Dt>
<Dt>2021-08-25</Dt>
</Dt>
</Bal>
<TxsSummry>
<TtlNtries>
<NbOfNtries>3</NbOfNtries>
<Sum>50082.14</Sum>
<TtlNetNtryAmt>49917.86</TtlNetNtryAmt>
<CdtDbtInd>CRDT</CdtDbtInd>
</TtlNtries>
<TtlCdtNtries>
<NbOfNtries>1</NbOfNtries>
<Sum>50000.00</Sum>
</TtlCdtNtries>
<TtlDbtNtries>
<NbOfNtries>2</NbOfNtries>
<Sum>82.14</Sum>
</TtlDbtNtries>
</TxsSummry>
<Ntry>
<NtryRef>10795289</NtryRef>
<Amt Ccy="USD">41.07</Amt>
<CdtDbtInd>DBIT</CdtDbtInd>
<Sts>BOOK</Sts>
<BookgDt>
<Dt>2021-08-26</Dt>
</BookgDt>
<ValDt>
<Dt>2021-08-26</Dt>
</ValDt>
<AcctSvcrRef>3143652348</AcctSvcrRef>
<BkTxCd>
<Domn>
<Cd>PMNT</Cd>
<Fmly>
<Cd>ICDT</Cd>
<SubFmlyCd>XBCT</SubFmlyCd>
</Fmly>
</Domn>
<Prtry>
<Cd>310+ISSUE CCY TT</Cd>
<Issr>CITI</Issr>
</Prtry>
</BkTxCd>
<NtryDtls>
<Btch>
<NbOfTxs>1</NbOfTxs>
<TtlAmt Ccy="USD">41.07</TtlAmt>
<CdtDbtInd>DBIT</CdtDbtInd>
</Btch>
<TxDtls>
<Refs>
<MsgId>32254327</MsgId>
<AcctSvcrRef>3143652348</AcctSvcrRef>
<EndToEndId>16</EndToEndId>
</Refs>
<AmtDtls>
<InstdAmt>
<Amt Ccy="BYN">100.00</Amt>
</InstdAmt>
<TxAmt>
<Amt Ccy="USD">41.07</Amt>
<CcyXchg>
<SrcCcy>BYN</SrcCcy>
<TrgtCcy>USD</TrgtCcy>
<XchgRate>2.4348673</XchgRate>
<CtrctId>I09600</CtrctId>
</CcyXchg>
</TxAmt>
</AmtDtls>
<RltdPties>
<Cdtr>
<Nm>BelGo Corp LLC</Nm>
<PstlAdr>
<AdrTp>ADDR</AdrTp>
<Ctry>BY</Ctry>
<AdrLine>220062, Minsk, Pobediteley Ave., 10 4, room 22</AdrLine>
</PstlAdr>
</Cdtr>
<CdtrAcct>
<Id>
<IBAN>BY71PJCB30120623701000000933</IBAN>
</Id>
</CdtrAcct>
</RltdPties>
<RltdAgts>
<CdtrAgt>
</CdtrAgt>
</RltdAgts>
<RmtInf>
<Ustrd>PAY(16071908)Payment invoice by Con stractors services for processing i nformation BENE TIN UNP 193416131</Ustrd>
</RmtInf>
</TxDtls>
</NtryDtls>
</Ntry>
<Ntry>
<NtryRef>10795272</NtryRef>
<Amt Ccy="USD">41.07</Amt>
<CdtDbtInd>DBIT</CdtDbtInd>
<Sts>BOOK</Sts>
<BookgDt>
<Dt>2021-08-26</Dt>
</BookgDt>
<ValDt>
<Dt>2021-08-26</Dt>
</ValDt>
<AcctSvcrRef>3143652196</AcctSvcrRef>
<BkTxCd>
<Domn>
<Cd>PMNT</Cd>
<Fmly>
<Cd>ICDT</Cd>
<SubFmlyCd>XBCT</SubFmlyCd>
</Fmly>
</Domn>
<Prtry>
<Cd>310+ISSUE CCY TT</Cd>
<Issr>CITI</Issr>
</Prtry>
</BkTxCd>
<NtryDtls>
<Btch>
<NbOfTxs>1</NbOfTxs>
<TtlAmt Ccy="USD">41.07</TtlAmt>
<CdtDbtInd>DBIT</CdtDbtInd>
</Btch>
<TxDtls>
<Refs>
<MsgId>32254327</MsgId>
<AcctSvcrRef>3143652196</AcctSvcrRef>
<EndToEndId>17</EndToEndId>
</Refs>
<AmtDtls>
<InstdAmt>
<Amt Ccy="BYN">100.00</Amt>
</InstdAmt>
<TxAmt>
<Amt Ccy="USD">41.07</Amt>
<CcyXchg>
<SrcCcy>BYN</SrcCcy>
<TrgtCcy>USD</TrgtCcy>
<XchgRate>2.4348673</XchgRate>
<CtrctId>I09598</CtrctId>
</CcyXchg>
</TxAmt>
</AmtDtls>
<RltdPties>
<Dbtr>
<Nm>UBER ML BV</Nm>
<PstlAdr>
<AdrTp>ADDR</AdrTp>
<AdrLine>SCHIPHOL BOULEVARD 291</AdrLine>
</PstlAdr>
</Dbtr>
<Cdtr>
<Nm>BelGo Corp LLC</Nm>
<PstlAdr>
<AdrTp>ADDR</AdrTp>
<Ctry>BY</Ctry>
<AdrLine>220062, Minsk, Pobediteley Ave., 10 4, room 22</AdrLine>
</PstlAdr>
</Cdtr>
<CdtrAcct>
<Id>
<IBAN>BY71PJCB30120623701000000933</IBAN>
</Id>
</CdtrAcct>
</RltdPties>
<RltdAgts>
<CdtrAgt>
<FinInstnId>
<Nm>O/A CITIBANK NA NEW YORK</Nm>
<PstlAdr>
<AdrTp>ADDR</AdrTp>
<AdrLine>111, WALL STREET</AdrLine>
<AdrLine>NEW YORK</AdrLine>
</PstlAdr>
</FinInstnId>
</CdtrAgt>
</RltdAgts>
<RmtInf>
<Ustrd>PAY(16071909)Payment invoice by Con stractors services for processing i nformation BENE TIN UNP 193416131</Ustrd>
</RmtInf>
</TxDtls>
</NtryDtls>
</Ntry>
<Ntry>
<NtryRef>P3830257 520 1</NtryRef>
<Amt Ccy="USD">50000.00</Amt>
<CdtDbtInd>CRDT</CdtDbtInd>
<Sts>BOOK</Sts>
<BookgDt>
<Dt>2021-08-26</Dt>
</BookgDt>
<ValDt>
<Dt>2021-08-26</Dt>
</ValDt>
<AcctSvcrRef>3143934240</AcctSvcrRef>
<BkTxCd>
<Domn>
<Cd>PMNT</Cd>
<Fmly>
<Cd>DPST</Cd>
<SubFmlyCd>CDPT</SubFmlyCd>
</Fmly>
</Domn>
<Prtry>
<Cd>306+CCY RECD</Cd>
<Issr>CITI</Issr>
</Prtry>
</BkTxCd>
<NtryDtls>
<TxDtls>
<Refs>
<AcctSvcrRef>3143934240</AcctSvcrRef>
<EndToEndId>P3830257 520 1</EndToEndId>
</Refs>
<AmtDtls>
<TxAmt>
<Amt Ccy="USD">50000.00</Amt>
</TxAmt>
</AmtDtls>
<RltdPties>
<Dbtr>
<Nm>1/Uber ML B.V</Nm>
<PstlAdr>
<AdrTp>ADDR</AdrTp>
<AdrLine>2/Schiphol Boulevard 291</AdrLine>
<AdrLine>3/NL/Schiphol 1118BH</AdrLine>
</PstlAdr>
</Dbtr>
<DbtrAcct>
<Id>
<Othr>
<Id>6550045512</Id>
<SchmeNm>
<Prtry>UNKNOWN</Prtry>
</SchmeNm>
</Othr>
</Id>
</DbtrAcct>
<CdtrAcct>
<Id>
<IBAN>GB94CITI18500813044246</IBAN>
</Id>
</CdtrAcct>
</RltdPties>
<RmtInf>
<Ustrd>O/O 1/Uber ML B.V                  PAY(16088465)TRANSFER OF OWN FUNDS</Ustrd>
</RmtInf>
</TxDtls>
</NtryDtls>
</Ntry>
</Stmt>
</BkToCstmrStmt>
</Document>
