<?xml version="1.0" encoding="UTF-8"?>
<Document xmlns:xsi="http://www.w3.org/2001/XMLSchema-instance" xsi:schemaLocation="urn:iso:std:iso:20022:tech:xsd:camt.052.001.02 camt.052.001.02.xsd" xmlns="urn:iso:std:iso:20022:tech:xsd:camt.052.001.02">
<BkToCstmrAcctRpt>
<GrpHdr>
<MsgId>158191714</MsgId>
<CreDtTm>2018-07-10T11:43:25+01:00</CreDtTm>
<MsgRcpt>
<Nm>CITIDIRECT TEST 1</Nm>
</MsgRcpt>
<AddtlInf>/INTR/</AddtlInf>
</GrpHdr>
<Rpt>
<Id>1581917140000000000</Id>
<ElctrncSeqNb>00191001</ElctrncSeqNb>
<CreDtTm>2018-07-10T11:43:25+01:00</CreDtTm>
<FrToDt>
<FrDtTm>2018-07-10T00:00:00</FrDtTm>
<ToDtTm>2018-07-10T23:59:59</ToDtTm>
</FrToDt>
<Acct>
<Id>
<Othr>
<Id>12345678</Id>
<SchmeNm>
<Prtry>CITI</Prtry>
</SchmeNm>
</Othr>
</Id>
<Ccy>EUR</Ccy>
<Nm>CLIENT NAME</Nm>
<Ownr>
<Nm>CITIDIRECT TEST 1</Nm>
</Ownr>
<Svcr>
<FinInstnId>
<ClrSysMmbId>
<MmbId>CITIESNEW</MmbId>
</ClrSysMmbId>
<Nm>CITIBANK EUROPE PLC, SPAIN BRANCH</Nm>
</FinInstnId>
<BrnchId>
<Id>300</Id>
<Nm>CITIBANK EUROPE PLC, SPAIN BRANCH</Nm>
</BrnchId>
</Svcr>
</Acct>
<Bal>
<Tp>
<CdOrPrtry>
<Cd>OPBD</Cd>
</CdOrPrtry>
</Tp>
<Amt Ccy="EUR">1006667.91</Amt>
<CdtDbtInd>CRDT</CdtDbtInd>
<Dt>
<Dt>2018-07-10</Dt>
</Dt>
</Bal>
<Bal>
<Tp>
<CdOrPrtry>
<Cd>ITBD</Cd>
</CdOrPrtry>
</Tp>
<Amt Ccy="EUR">1006849.41</Amt>
<CdtDbtInd>CRDT</CdtDbtInd>
<Dt>
<Dt>2018-07-10</Dt>
</Dt>
</Bal>
<Bal>
<Tp>
<CdOrPrtry>
<Cd>OPAV</Cd>
</CdOrPrtry>
</Tp>
<Amt Ccy="EUR">1006667.91</Amt>
<CdtDbtInd>CRDT</CdtDbtInd>
<Dt>
<Dt>2018-07-10</Dt>
</Dt>
</Bal>
<Bal>
<Tp>
<CdOrPrtry>
<Cd>ITAV</Cd>
</CdOrPrtry>
</Tp>
<Amt Ccy="EUR">1006849.41</Amt>
<CdtDbtInd>CRDT</CdtDbtInd>
<Dt>
<Dt>2018-07-10</Dt>
</Dt>
</Bal>
<TxsSummry>
<TtlNtries>
<NbOfNtries>1</NbOfNtries>
<Sum>181.50</Sum>
<TtlNetNtryAmt>181.50</TtlNetNtryAmt>
<CdtDbtInd>CRDT</CdtDbtInd>
</TtlNtries>
<TtlCdtNtries>
<NbOfNtries>1</NbOfNtries>
<Sum>181.50</Sum>
</TtlCdtNtries>
<TtlDbtNtries>
<NbOfNtries>0</NbOfNtries>
<Sum>0.00</Sum>
</TtlDbtNtries>
</TxsSummry>
<Ntry>
<Amt Ccy="EUR">181.50</Amt>
<CdtDbtInd>CRDT</CdtDbtInd>
<Sts>BOOK</Sts>
<BookgDt>
<Dt>2018-07-10</Dt>
</BookgDt>
<ValDt>
<Dt>2018-07-10</Dt>
</ValDt>
<AcctSvcrRef>5555555555</AcctSvcrRef>
<BkTxCd>
<Domn>
<Cd>PMNT</Cd>
<Fmly>
<Cd>RCDT</Cd>
<SubFmlyCd>ESCT</SubFmlyCd>
</Fmly>
</Domn>
<Prtry>
<Cd>159+SEPA CR TFR RECEIPT AUTO</Cd>
<Issr>CITI</Issr>
</Prtry>
</BkTxCd>
<NtryDtls>
<TxDtls>
<Refs>
<AcctSvcrRef>5555555555</AcctSvcrRef>
<InstrId>NOTPROVIDED</InstrId>
<EndToEndId>NOTPROVIDED</EndToEndId>
</Refs>
<AmtDtls>
<TxAmt>
<Amt Ccy="EUR">181.50</Amt>
</TxAmt>
</AmtDtls>
<RltdPties>
<Dbtr>
<Nm>HEREU SERVICIOS MEDICOS S.L.</Nm>
</Dbtr>
<DbtrAcct>
<Id>
<Othr>
<Id>ES1111111111111111111111</Id>
<SchmeNm>
<Prtry>IBAN</Prtry>
</SchmeNm>
</Othr>
</Id>
</DbtrAcct>
</RltdPties>
<RltdAgts>
<DbtrAgt>
<FinInstnId>
<Nm>BSAAAAAAXXX</Nm>
</FinInstnId>
</DbtrAgt>
</RltdAgts>
<RmtInf>
<Ustrd>REMITTANCE INFORMATION</Ustrd>
</RmtInf>
</TxDtls>
</NtryDtls>
<AddtlNtryInf>/PT/FT/PY/REMITTANCE INFORMATION/OB/BSAAAAAAXXX/BO/ES1111111111111111111111</AddtlNtryInf>
</Ntry>
</Rpt>
</BkToCstmrAcctRpt>
</Document>